@inproceedings{bade2014,
    title = {Obligatory implicatures and the presupposition of ``too"},
    author = {Bade, N.},
    booktitle = {Proceedings of {S}inn und {B}edeutung 18},
    year = {2014},
    address = {{B}ayonne and {V}itoria-{G}asteiz},
    pages = {42-59}
}

@phdthesis{bade2016,
    type = {Dissertation},
    title = {Obligatory presupposition triggers in discourse},
    author = {Bade, N.},
    school = {{U}niversität {T}übingen},
    year = {2016}
}

@article{lme4,
    title = {Fitting Linear Mixed-Effects Models Using lme4},
    author = {Bates, D., and Mächler, M. and Bolker, B., and Walker, S.},
    journal = {Journal of Statistical Software},
    year = {2015},
    volume = {67},
    number = {1},
    pages = {1-48}
}%    doi = {10.18637/jss.v067.i01}


@article{lmerTest,
    title = {{lmerTest} Package: Tests in Linear Mixed Effects Models},
    author = {Kuznetsova, A., and Brockhoff, P.B., and Christensen, R. H. B.},
    journal = {Journal of Statistical Software},
    year = {2017},
    volume = {82},
    number = {13},
    pages = {1-26}
}%    doi = {10.18637/jss.v082.i13}


@incollection{Beck2011,
    author = {Beck, S.},
    title = {Comparison Constructions},
    booktitle = {{S}emantics: An {I}nternational {H}andbook of {N}atural {L}anguage {M}eaning},
    year = {2011},
    publisher = {De Gruyter},
    address = {Berlin},
    editor = {Maienborn, C., and von Heusinger, K., and Portner, P.},
    volume = {2},
    pages = {1341-1389}
}

@inproceedings{beck2016a_sub,
    title = {Temporal \textit{noch/still} and further-to readings of {G}erman \textit{noch}},
    author = {Beck, S.},
    booktitle = {{P}roceedings of {S}inn und {B}edeutung 20},
    year = {2016a},
    address = {Universität Tübingen},
    pages = {4-25}
}

@inproceedings{beck2016b_disc,
    author = {Beck, S.},
    title = {Discourse related readings of scalar particles},
    booktitle= {Proceedings of Semantics and Linguistic Theory 26},
    year = {2016b},
    address = {University of {T}exas, {A}ustin},
    pages = {142-165}    
}

@article{Beck-Berezovskaya-2009,
    author = {Beck, S., and Berezovskaya, P., and Pflugfelder, K.},
    title = {The use of \textit{again} in 19th-century {E}nglish versus present-day {E}nglish},
    journal = {Syntax},
    year = {2009},
    volume = {12-3},
    pages = {193-214}
}

@article{Beck-Gergel-2015,
    author = {Beck, S., and Gergel, R.},
    title = {The diachronic semantics of {E}nglish \textit{again}},
    journal = {{N}atural {L}anguage {S}emantics},
    year = {2015},
    volume = {23,3},
    pages = {157-203}
}

@incollection{Beck-vStechow-2015,
    author = {Beck, S., and {von Stechow}, A.},
    title = {Events, Times, and Worlds -- An LF Architecture},
    booktitle = {{S}ituationsargumente im {N}ominalbereich.},
    journal = {{N}atural {L}anguage {S}emantics},
    year = {2015},
    publisher = {De Gruyter},
    address = {Berlin},
    editor = {C. Fortmann},
    volume = {Linguistische Arbeiten 562},
    pages = {13-46}
}

@book{behaghel1928,
    author = {Behaghel, O.},
    title = {{D}eutsche {S}yntax. Eine geschichtliche {D}arstellung.},
    publisher = {Carl Winter},
    address = {Heidelberg},
    year = {1928}
}

@incollection{Eckardt_2009,
    author = {Eckardt, R.},
    editor = {J. Visconti and M.-B. Mosegard Hansen},
    title = {APO: Avoid pragmatic overload},
    booktitle = {Current Trends in Diachronic Semantics and Pragmatics},
    year = {2009},
    address = {London},
    publisher = {Emerald},
    pages = {21-42}    
}

@book{DudenEtymWB,
    author = {Drosdowski, G.},
    title = {Das Herkunftswörterbuch. Etymologie der deutschen Sprache},
    publisher = {Dudenverlag},
    address = {Mannheim, Wien, Zürich},
    year = {1989},
    volume = {Der Duden; Bd. 7},
    editor = {G Drosdowski and R Köster and W Müller and W Scholze-Stubenrecht}
}

@article{Eckardt_2011,
    author = {Eckardt, R.},
    title = {Semantic Reanalysis and Language Change},
    journal = {Language and Linguistics Compass},
    year = {2011},
    volume = {5,1},
    pages = {33-46}
}

@article{Gergel-Beck-2015,
    author = {Gergel, R., and Beck, S.},
    title = {Early Modern English '\textit{again}': A corpus study and semantic analysis},
    journal = {{E}nglish Language and Linguistics},
    year = {2015},
    volume = {19(1)},
    pages = {27-47}
}

@book{GrimmWB7,
    author = {Grimm, J., and Grimm W.},
    title = {Deutsches Wörterbuch.},
    publisher = {S. Hirzel},
    address = {Leipzig},
    year = {1889},
    volume = {7},
    editor = {von Lexer, Matthias}
}

@inproceedings{heim1983,
    author = {Heim, I.},
    title = {On the projection problem for presuppositions},
    booktitle = {Proceedings of {WCCFL} 2},
    year = {1983},
    address = {Stanford University, Stanford, California},
    pages = {114–125}
}

@phdthesis{Hofstetter2013,
    type = {Dissertation},
    title = {Selected Issues in the Theory of Comparison: Phrasal Comparison in Turkish and a Cross-Linguistic Perspective on Intensifiers, Negative Island Effects and the Distribution of Measure Phrases},
    author = {Hofstetter, S.},
    school = {{U}niversität {T}übingen},
    year = {2013}
}

@article{Ippolito2007,
    author = {Ippolito, M.},
    title = {On the meaning of some focus-sensitive particles},
    journal = {Natural Language Semantics},
    year = {2007},
    volume = {15},
    pages = {1-34}
}

@inproceedings{jayez2016,
    author = {Jayez, J., and Reinecke, R.},
    title = {Presuppositions and salience: An experimental approach},
    booktitle= {Proceedings of Semantics and Linguistic Theory 26},
    year = {2016},
    address = {University of Texas, Austin},
    pages = {601-619}    
}

@book{kadmon2001,
    author = {Kadmon, N},
    title = {Formal Pragmatics},
    publisher = {Blackwell},
    address = {Malden, MA},
    year = {2001}
}

@article{rett2013,
    author = {Rett, J.},
    title = {Similatives and the degree arguments of verbs},
    journal = {Natural Language and Linguistic Theory },
    volume = {31},
    number = {4},
    year = {2013},
    pages = {1101-1137}
}

@incollection{pinon2008,
    author = {Piñón, C.},
    title = {Aspectual composition with degrees},
    booktitle = {Adjectives and Adverbs: Syntax, Semantics, and Discourse},
    year = {2008},
    publisher = {OUP},
    address = {Oxford},
    editor = {McNally, L., and Kennedy, C.},
    pages = {183-219}
}

@incollection{kennedy2012,
    author = {Kennedy, C.},
    booktitle = {Telicity, Change, State: A Cross-categorical View of Event Structure},
    publisher = {OUP},
    title = {The Composition of Incremental Change},
    year = {2012},
    address = {Oxford},
    editor = {Demonte, V., and McNally, L.},
    pages = {103-121}
}

@article{kennedy_mcnally2005,
    author = {Kennedy, C., and McNally, L.},
    title = {Scale structure, degree modification, and the semantics of gradable predicates},
    journal = {Language},
    volume = {2},
    number = {81},
    year = {2005},
    pages = {345-381}
}

@article{koenig1977,
    author = {König, E.},
    title = {Temporal and Non-Temporal Uses of `Noch' and `Schon' in German},
    Journal = {Linguistics and Philosophy},
    Volume = {I},
    Number = {2},
    year = {1977},
    pages = {173-198}
}

@manual{kroch1,
    author = {Kroch, A., Santorini, B., and Delfs, L.},
    year = {2004},
    title = {The Penn-Helsinki Parsed Corpus of Early Modern English (PPCEME)},
    address = {Department of Linguistics, University of Pennsylvania},
    edition = {First},
    note = {CD-ROM, Release 3}
}

@manual{kroch2,
    author = {Kroch, A., Santorini, B., and Diertani, A.},
    year = {2016},
    title = {The Penn-Helsinki Parsed Corpus of Early Modern English (PPCEME)},
    address = {Department of Linguistics, University of Pennsylvania},
    edition = {Second},
    note = {CD-ROM, Release 1}
}

@manual{kali,
    title = {Kali Korpus},
    address = {Leibniz Universität Hannover},
    note = {Online: http://www.kali.uni-hannover.de}
}

@manual{titus,
    author = {Gippert, J., and Martínez, J., and Korn, A.},
    title = {TITUS - Thesaurus Indogermanischer Text- und Sprachmaterialien},
    note = {Online, http://titus.fkidg1.uni-frankfurt.de/indexe.htm}
}

@manual{ddd_OG,
    author = {Donhauser, K., and Gippert, J., and Lühr, R.},
    title = {DDD-AD},
    address = {Humboldt-Universität zu Berlin},
    edition = {(Version 1.0)},
    note = {Online: Accessed on Sept 16, 2017, http://www.deutschdiachrondigital.de/}
}

@manual{annis_og,
    author = {Krause, T., and Zeldes, A.},
    year = {2016},
    title = {ANNIS3: A new architecture for generic corpus query and visualization},
    edition = {Digital Scholarship in the Humanities 2016 (31)},
    note = {http://dsh.oxfordjournals.org/content/31/1/118}
}

@article{loebner1989,
    title = {``Schon - Erst - Noch'': An Integrated Analysis},
    author = {Löbner, S.},
    Journal = {Linguistics and Philosophy},
    Volume = {II},
    Number = {2},
    year = {1989},
    pages = {167-212}
}

@book{pfeifer_et_al_1989,
    author = {Pfeifer, W., and Ginschel, G., and Hagen, G., and Müller, K., and Petermann, H., and Pfeifer, G., and Schröter, D., and Braun, W., and Huber, A., and Schröter, U.},
    title = {{E}tymologisches {W}örterbuch des {D}eutschen},
    publisher = {Akademie Verlag},
    address = {Berlin},
    year = {1989}
}

@article{petrova2011,
    author = {Petrova, S.},
    title = {Modeling word order variation in discourse: On the pragmatic properties of VS order in Old High German},
    journal = {Oslo Studies on Language 3},
    year = {2011},
    volume = {3},
    pages = {209-228}
}

@article{poesio,
    author = {Poesio, M., and Vieira, R.},
    title = {A corpus-based investigation of definite description use},
    journal = {Computational Linguistics},
    year = {1998},
    volume = {24},
    pages = {183-216}
}

@article{schwarz2007,
    author = {Schwarz, F.},
    title = {Processing presupposed content},
    journal = {Journal of Semantics},
    year = {2007},
    volume = {24},
    pages = {373-416}
}

@article{schwarz2014,
    author = {Schwarz, F.},
    title = {Presuppositions are fast, whether hard or soft - evidence from the visual world},
    journal = {Semantics and Linguistic Theory},
    year = {2014},
    volume = {24},
    pages = {1-22}
}

@book{schwarz2015,
    title = {Experimental perspectives on presuppositions},
    editor = {Schwarz, F.},
    Publisher = {Springer},
    address = {Berlin},
    year = {2015}
}

@article{schwarz2016a,
    author = {Schwarz, F.},
    title = {Experimental work in presupposition and presupposition projection},
    journal = {Annual Review of Linguistics},
    year = {2016},
    volume = {2},
    pages = {273-292}
}

@unpublished{schwarz2016b,
    author = {Schwarz, F.},
    title = {Presuppositions, Projection, and accommodation- theoretical issues and experimental approaches},
    note = {Draft submitted to Handbook of Experimental Semantics and Pragmatics},
    year = {2016}
}

@incollection{schwenter,
    author = {Schwenter, S.A., and Waltereit, R.},
    editor =    {K. Davidse and L. Vandelanotte and H. Cuyckens},
    address = {Berlin},
    publisher = {Mouton de Gruyter},
    title = {Presupposition accommodation and language change},
    booktitle = {Subjectification, Intersubjectification and Grammaticalization},
    pages = {75-102},
    year = {2010}
}

@phdthesis{spenader2002,
    type = {Dissertation},
    author = {Spenader, J.},
    title = {Presuppositions in spoken discourse},
    year = {2002},
    school = {{U}niversity of {S}tockholm}
}

@article{stalnaker73,
    author = {Stalnaker, R.},
    title = {Presuppositions},
    journal = {Journal of Philosophical Logic},
    year = {1973},
    volume = {2},
    pages = {447-457}
}

@article{stechow1984,
    author = {{von Stechow}, A.},
    title = {Comparing Semantic Theories of Comparison},
    journal = {Journal of Semantics},
    year = {1984},
    volume = {3},
    pages = {1-77}
}

@misc{stechow2006,
    author = {{von Stechow}, A.},
    title = {Times as Degrees},
    year = {2006},
    note = {Universität Tübingen},
    howpublished = {MS}
}

@inproceedings{tiemann2011,
    author = {Tiemann, S., and Schmid, M., and Bade, N., and Rolke B. and Hertrich, I., and Ackermann, H., and Beck, S.},
    title = {Psycholinguistic evidence for presuppositions: On-line and off-line data},
    booktitle = {Proceedings of {S}inn und {B}edeutung},
    year = {2011},
    address = {{S}aarland {U}niversity},
    date = {May 23-28},
    pages = {581-597}, 
    volume = {15}
}

@article{tonhauser2015,
    author = {Tonhauser, J.},
    title = {Are `informative presuppositions' presuppositions?},
    journal = {{L}anguage and {L}inguistics {C}ompass},
    year = {2015},
    volume = {9},
    pages = {77-101}
}

@inproceedings{umbach2009a_comp,
    author = {Umbach, C.},
    title = {Comparatives combined with additive particles: The case of {G}erman \textit{noch}},
    booktitle = {Proceedings of {S}inn und {B}edeutung},
    year = {2009a},
    addresse = {{U}niversity of {S}tuttgart},
    month = {June},
    pages = {543-558},
    volume = {13}
}

@inproceedings{umbach2009b_add,
    author = {Umbach, C.},
    title = {Another additive particle under stress: {G}erman additive \textit{noch}},
    booktitle = {Proceedings of the Tenth Symposium on Logic and Language - {L}o{L}a 10},
    year = {2009b},
    addresse = {Hungarian Academy of Sciences},
    month = {August},
    pages = {149 -156},
    volume = {10}
}

@article{umbach2012,
    author = {Umbach, C.},
    title = {Strategies of additivity: {G}erman additive \textit{noch} compared to \textit{auch}},
    journal = {Lingua},
    year = {2012},
    volume = {122},
    number = {15},
    pages = {1843-1863}
}

@misc{umbach2018,
    author = {Umbach, C.},
    comment = {Conversation on \textit{noch} and its meaning components},
    year = {2018},
    note = {Universität Saarbrücken},
    howpublished = {personal communication}
}

@manual{winter2013,
    title = {Linear models and linear mixed effects models in R with linguistic applications},
    author = {Winter, B.},
    note = {Online: arXiv:1308.5499, [http://arxiv.org/pdf/1308.5499.pdf]},
    year = {2013}
}

@manual{Piccinini_R_course,
    title = {R Course},
    author = {Piccinini, P.},
    note = {Online: https://pagepiccinini.com/r-course},
    year = {2013}
}

@manual{Rsoftware,
    title = {R: A Language and Environment for Statistical Computing},
    author = {R Core Team},
    organization = {R Foundation for Statistical Computing},
    address = {Vienna, Austria},
    year = {2019},
    note = {https://www.R-project.org/}
}

@misc{sosci_website,
    howpublished = {Online},
    title = {SoSci - der Online Fragebogen},
    note = {accessed on 07/17/2019, \\https://www.soscisurvey.de/},
    year = {2019}
}

@misc{survey_circle_website,
    author = {Johé, J.},
    howpublished = {Online},
    title = {Survey Circle},
    note = {accessed on 07/17/2019, https://www.surveycircle.com/},
    year = {2019}
}

@misc{github_website,
    howpublished = {Online},
    title = {GitHub},
    note = {accessed on 07/19/2019, https://www.github.com/},
    year = {2019}
}

