@book{Assaf1929,
	address = {Jerusalem},
	author = {Assaf, Simha},
	note = {[in Hebrew]},
	publisher = {Darom},
	title = {Gaonic Responsa from the Cairo Genizah},
	year = {1929}
}


@article{LevMargulis2013,
	author = {Bar-Lev Moshe E. and Daniel Margulis},
	journal = {Proceedings of Sinn und Bedeutung},
	pages = {60--76},
	title = {{Hebrew} \textit{kol}: {{A}} universal quantifier as an undercover existential},
	volume = {18},
	year = {2013}
}


@incollection{LevFox2017,
	booktitle = {Proceedings of {SALT XXVII}},
	author = {Bar-Lev Moshe, E. and Danny Fox},
	pages = {95--115},
	title = {Universal Free Choice and Innocent Inclusion},
	year = {2017}
}


@article{Beck2017,
	author = {Beck, Sigrid},
	journal = {Wellington Working Papers in Linguistics},
	pages = {5--13},
	title = {An alternative semantic cycle for universal quantifiers},
	volume = {23},
	year = {2017}
}


@article{BeckStechow2006,
	author = {Beck, Sigrid and Arnim von Stechow},
	journal = {Proceedings of Sinn und Bedeutung},
	pages = {43--54},
	title = {Dog after dog revisited},
	volume = {10},
	year = {2006}
}


@article{Bošković2008,
	author = {Bošković, Željko},
	journal = {Proceedings of NELS},
	pages = {101--114},
	sortname = {Boszkovicz, Zeljko},
	title={What will you have, {DP} or {NP}?},
	volume = {37},
	year = {2008}
}


@incollection{Brisson1997,
	booktitle = {Proceedings of {SALT VII}},
	author = {Brisson, Christine},
	pages = {55--72},
	title = {On Definite Plural {NP}'s and the Meaning of ``all''},
	year = {1997}
}


@article{Brisson2003,
	author = {Brisson, Christine},
	journal = {Linguistics and Philosophy},
	pages = {129--184},
	title = {Plurals, {ALL}, and the nonuniformity of collective predication},
	volume = {26},
	year = {2003}
}


@book{Chierchia2013,
	address = {Oxford},
	author = {Chierchia, Gennaro},
	publisher = {Oxford University Press},
	title = {Logic in Grammar},
	year = {2013}
}


@incollection{Danon2013,
    author={Danon, Gabi},
    year={2013},
    title={Determiners in {Modern Hebrew}},
    editor={Khan, G.},
    booktitle={Encyclopedia of {Hebrew} Language and Linguistics},
    address={Amsterdam},
    publisher={Brill},
    pages={716--717}
}

@incollection{DalrympleEtAl1994,
	title = {What do reciprocals mean?},
	booktitle={Proceedings of {SALT IV}},
	author = {Dalrymple, Mary and Makoto Kanazawa and Sam Mchombo and Stanley Peters},
	pages = {61–78},
	year = {1994}
}


@misc{Davis2010,
	author = {Davis, Henry},
	title = {{Salish} Languages Lack Generalized Quantifiers After All!},
	note= {Paper presented at {SALT} {XX}, {University} of {British} {Columbia} and {Simon} {Fraser} {University}},
	year = {2010}
}


@article{DavisEtAl2014,
	author = {Davis, Henry and Carrie Gillon and Lisa Matthewson},
	journal = {Language},
	pages = {180--226},
	title = {How to investigate linguistic diversity: {L}essons from the {Pacific} {Northwest}},
	volume = {90},
	number={4},
	year = {2014}
}

@incollection{Dayal2013,
    author={Dayal, Veneeta},
    year={2013},
    title={A viability constraint on alternatives for free choice},
    editor={Fălăuş, Anamaria},
    booktitle={Alternatives in semantics}, 
    address={Basingstoke},
    publisher={Palgrave Macmillan},
    pages={88--122}
}

@incollection{Doron2003,
	author = {Doron, Edit},
	booktitle={Proceedings of {SALT XIII}},
	pages = {73--90},
	title = {Bare singular reference to kinds},
	year = {2003}
}

@incollection{Doron2005,
    author={Doron, Edit},
    year={2005},
    title={{VSO} and left-conjunct agreement: {Bibilical Hebrew} vs. {Modern Hebrew}},
    editor={Kiss, Katalin É.},
    booktitle={{Universal Grammar} in the Reconstruction of Dead Languages},
    address={Berlin},
    publisher={Mouton},
    pages={239--264}
}

@misc{DoronMittwoch1986,
	author = {Doron, Edit and Anita Mittwoch},
	note = {Paper presented at the 2nd Annual Meeting of the {Israel Association for Theoretical Linguistics} at {The Hebrew University of Jerusalem}.},
	title = {Polarity-sensitive \textit{kol} in {Hebrew}},
	year = {1986}
}


@article{DoronMeir2013,
	author = {Doron, Edit and Irit Meir},
	journal = {Recherches Linguistiques de Vincennes},
	pages = {139--165},
	title = {Amount definites},
	volume = {42},
	year = {2013}
}

@incollection{DoronMeir2016,
    author={Doron, Edit and Irit Meir},
    year={2016},
    title={The impact of contact languages on the degrammaticalization of the {Hebrew} definite article},
    editor={Edit Doron},
    booktitle={Language Contact and the Development of {Modern Hebrew}},
    address={Leiden},
    publisher={Brill},
    pages={281--297}
}

@incollection{Dowty1987,
	booktitle = {Proceedings of the 1986 {Eastern States Conference on Linguistics, ESCOL3}},
	address={Columbus, OH},
	author = {Dowty, David},
	pgaes = {97--116},
	publisher = {Ohio State University},
	title = {Collective predicates, distributive predicates and \textit{All}},
	year = {1987}
}


@book{Eckardt2006,
	address = {Oxford},
	author = {Eckardt, Regine},
	publisher = {Oxford University Press},
	title = {Meaning Change in Grammaticalization: {A}n Inquiry into Semantic Reanalysis},
	year = {2006}
}


@article{vonFintel1995,
	author = {von Fintel, Kai},
	journal = {Proceedings of NELS},
	pages = {175--189},
	title = {The formal semantics of grammaticalization},
	volume = {25},
	year = {1995}
}


@article{FintelMatthewson2008,
	author = {von Fintel, Kai and Lisa Matthewson},
	journal = {The Linguistic Review},
	pages = {139--201},
	title = {Universals in semantics},
	volume = {25},
	year = {2008}
}

@incollection{FrancezGoldring2012,
    author={Francez, Itamar and Katja Goldring},
    year={2012},
    title={Quantifiers in {Modern Hebrew}},
    editor={E. Keenan and D. Paperno},
    booktitle={Handbook of Quantifiers in Natural Language},
    series={Studies in Linguistics and Philosophy},
    number={90},
    address={Berlin},
    publisher={Springer},
    pages={347--397}
}

@book{Gelderen2011,
	address = {Oxford},
	author = {van Gelderen, Elly},
	publisher = {Oxford University Press},
	title = {The Linguistic Cycle: {{L}}anguage Change and the Language Faculty},
	year = {2011}
}


@book{Glinert1989,
	address = {Cambridge},
	author = {Glinert, Lewis},
	publisher = {Cambridge University Press},
	title = {The Grammar of {Modern Hebrew}},
	year = {1989}
}

@incollection{Haspelmath1995,
    author={Haspelmath, Martin},
    year={1995},
    title={Diachronic sources of ‘all’ and ‘every’},
    editor={E. Bach and E. Jelinek and A. Kratzer and B. Partee},
    booktitle={Quantification in Natural Languages},
    address={Dordrecht},
    publisher={Kluwer},
    pages={363–382}
}    

@book{Haspelmath1997,
	address = {Oxford},
	author = {Haspelmath, Martin},
	publisher = {Oxford University Press},
	title = {Indefinite pronouns},
	year = {1997}
}

@incollection{Heim1991,
    author={Heim, Irene},
    year={1991},
    title={Artikel und {Definitheit} [Articles and definiteness]},
    editor={von Stechow, A. and Dieter Wunderlich},
    booktitle={Semantik: {Ein internationales Handbuch der zeitgenössischen Forschung}},
    address={Berlin},
    publisher={de Gruyter},
    pages={487–535}
}    

@article{Jelinek1993,
	author = {Jelinek, Eloise},
	journal = {Proceedings of BLS},
	pages = {404--422},
	title = {Languages without determiner quantification},
	volume = {19},
	year = {1993}
}


@book{Joüon1923,
	address = {Rome},
	author = {Joüon, Paul},
	publisher = {Institut biblique pontifical},
	sortname = {Jouon, Paul},
	title = {Grammaire de l’hébreu biblique},
	year = {1923}
}


@article{KadmonLandman1993,
	address = {Linguistics and Philosophy},
	author = {Kadmon, Nirit and Fred Landman},
	volume={16},
	number={4},
	pages = {353--422},
	title = {Any},
	year = {1993}
}

@incollection{KratzerShimoyama2002,
	booktitle = {Proceedings of the Third {Tokyo Conference on Psycholinguistics}},
	author = {Kratzer, Angelika and Junko Shimoyama},
	pages = {1–25},
	address={Tokyo},
	publisher = {Hituzi Syobo},
	title = {Indeterminate pronouns: {T}he view from {Japanese}},
	year = {2002}
}

@incollection{Krifka1989,
    author={Krifka, Manfred},
    year={1989},
    title={Nominal reference, temporal constitution and quantification in event semantics},
    editor={R. Bartsch and J. van Benthem and P. van Emde Boas},
    booktitle={Semantics and Contextual Expression},
    address={Dordrecht},
    publisher={Foris},
    pages={75–115}
}    

@article{Krifka1996,
	author = {Krifka, Manfred},
	journal = {Linguistics and Philosophy},
	pages = {555–598},
	title = {Parametrized sum individuals for plural anaphora},
	volume = {19},
	number={6},
	year = {1996}
}

@incollection{Krifka2006,
    author={Krifka, Manfred},
    year={2006},
    title={Approximate interpretations of number words: {A} case for strategic communication},
    editor={G. Bouma and I. Krämer and J. Zwarts},
    booktitle={Cognitive Foundations of Interpretation},
    address={Amsterdam},
    publisher={Royal Netherlands Academy of Arts and Sciences},
    pages={111–126}
}    

@article{Križ2016,
	journal = {Journal of Semantics},
	volume={33},
	number={3},
	author = {Križ, Manuel},
	publisher = {493--539},
	sortname = {Kriz, Manuel},
	title = {Homogeneity, non-maximality, and \textit{all}},
	year = {2016}
}


@article{Lasersohn1999,
	author = {Lasersohn, Peter},
	journal = {Language},
	pages = {522–551},
	title = {Pragmatic halos},
	volume = {75},
	number={3},
	year = {1999}
}


@article{Lauer2012,
	author = {Lauer, Sven},
	journal = {Proceedings of Sinn und Bedeutung},
	pages = {389--401},
	title = {On the pragmatics of pragmatic slack},
	volume = {16},
	number={2},
	year = {2012}
}

@incollection{Link1983,
    author={Link, Godehard},
    year={1983},
    title={The logical analysis of plurals and mass terms: {A} lattice-theoretical approach},
    editor={C. Schwarze and R. Bauerle and A. von Stechow},
    booktitle={Meaning, Use, and the Interpretation of Language},
    address={Berlin},
    publisher={de Gruyter},
    pages={302--323}
}

@incollection{Link1987,
    author={Link, Godehard},
    year={1987},
    title={Generalized quantifiers and plurals},
    editor={P. Gärdenfors},
    booktitle={Generalized Quantifiers: {L}inguistic and Logical Approaches},
    publisher={Reidel},
    address={Dordrecht}, 
    pages={151--180}
}

@article{Löbner2000,
	author = {Löbner, Sebastian},
	journal = {Linguistics and Philosophy},
	pages = {213–308},
	sortname = {Lobner, Sebastian},
	title = {Polarity in natural language: {P}redication, quantification and negation in particular and characterizing sentences},
	volume = {23},
	year = {2000}
}


@article{Malamud2012,
	author = {Malamud, Sophia A.},
	journal = {Semantics and Pragmatics},
	pages = {1–58},
	title = {The meaning of plural definites: {{A}} decision-theoretic approach},
	volume = {5},
	number={3},
	year = {2012}
}


@article{Matthewson2001,
	author = {Matthewson, Lisa},
	journal = {Natural Language Semantics},
	pages = {145--189},
	title = {Quantification and Nature of Crosslinguistic Variation},
	volume = {9},
	year = {2001}
}

@incollection{Matthewson2004,
    author={Matthewson, Lisa},
    year={2014},
    title={The measurement of semantic complexity: {H}ow to get by if your language lacks generalized quantifiers},
    editor={F. J. Newmeyer and L. B. Preston},
    booktitle={Measuring grammatical complexity},
    address={Oxford},
    publisher={Oxford University Press},
    pages={241--263}
}

@article{Benito2010,
	author = {Menéndez-Benito, Paula},
	journal = {Natural Language Semantics},
	pages = {33--64},
	sortname = {Menendez-Benito Paula},
	title = {On universal free choice items},
	volume = {18},
	year = {2010}
}


@article{MoshaviRothstein2018,
	author = {Moshavi, Adina and Susan Rothstein},
	journal = {Journal of Semitic Studies},
	pages = {99--123},
	title = {Indefinite numerical construct phrases in {Biblical Hebrew}},
	volume = {63},
	number={1},
	year = {2018}
}


@article{Naudé2011interpretation,
	author = {Naudé, Jacobus A.},
	journal = {Journal of Semitics},
	pages = {408--21},
	sortname = {Naude, Jacobus A.},
	title = {The interpretation and translation of the {Biblical Hebrew} quantifier \textit{kol}},
	volume = {20},
	number={2},
	year = {2011}
}


@article{Naudé2011Syntactic,
	author = {Naudé, Jacobus A.},
	journal = {Hebrew Studies},
	pages = {351--66},
	sortname = {Naude, Jacobus A.},
	title = {Syntactic patterns of quantifier float in {Biblical Hebrew}},
	volume = {52},
	year = {2011}
}


@incollection{NaudeMillerNaude2015,
    author={Naudé, Jacobus A. and Cynthia Miller-Naudé},
    year={2015},
    title={Syntactic features of \textit{kol} in {Qumran Hebrew}},
    editor={E. Tigchelaar and P. van Hecke},
    booktitle={Hebrew of the Late Second Temple Period},
    address={Leiden},
    publisher={Brill},
    pages={88--111}
}

@book{Rubin2005,
	address = {Winona Lake, IND},
	author = {Rubin, Aaron D.},
	publisher = {Eisenbrauns},
	title = {Studies in {Semitic} Grammaticalization},
	year = {2005}
}


@article{Ruys2017,
	author = {Ruys, Eddy G.},
	journal = {Glossa: A Journal of General Linguistics},
	volume={2},
	number={1},
	doi = {10.5334/gjgl.276},
	pages = {1--33},
	title = {Two {Dutch} \textit{many}’s and the structure of pseudo-partitives},
	year = {2017}
}


@article{Schwarz2013,
	author = {Schwarz, Florian},
	journal = {Proceedings of Sinn und Bedeutung},
	pages = {509–526},
	title = {Maximality and definite plurals: {E}xperimental evidence},
	volume = {17},
	year = {2013}
}


@incollection{Schwarzschild2002,
	booktitle = {Proceedings of {SALT XII}},
	author = {Schwarzschild, Roger},
	pages = {225--245},
	title = {The Grammar of measurement},
	year = {2002}
}

@incollection{Selkirk1977,
    author={Selkirk, Lisa},
    year={1977},
    title={Some remarks on noun phrase structure},
    editor={P. Culicover and T. Wasow and A. Akmajian},
    booktitle={Formal Syntax},
    address={New York},
    publisher={Academic Press},
    pages={285–316}
}

@article{Sharvy1980,
	author = {Sharvy, Richard},
	journal = {Philosophical Review},
	pages = {607--624},
	title = {A more general theory of definite descriptions},
	volume = {89},
	number={4},
	year = {1980}
}


@article{Shlonsky1991,
	author = {Shlonsky, Ur},
	journal = {Lingua},
	pages = {159--180},
	title = {Quantifiers as functional heads: {A} study of quantifier float in {Hebrew}},
	volume = {84},
	year = {1991}
}


@article{Spector2018,
	author = {Spector, Benjamin},
	journal = {Proceedings of the Amsterdam Colloquium},
	pages = {435–444},
	title = {Homogeneity and non-maximality within the rational speech act model},
	volume = {21},
	year = {2018}
}


@article{Vries2017,
	journal = {Natural Language Semantics},
	author = {de Vries, Hanna},
	pages = {173--197},
	title = {Two kinds of distributivity},
	year = {2017},
	volume = {25},
	number={2}
}


@article{Winter2000,
	author = {Winter, Yoad},
	journal = {Natural Language Semantics},
	pages = {27--69},
	title = {Distributivity and dependency},
	volume = {8},
	year = {2000}
}


@book{Winter2001,
	address = {Cambridge, MA},
	author = {Winter, Yoad},
	publisher = {MIT Press},
	title = {Principles in {Boolean} Semantics: {C}oordination, Plurality and Scope in Natural Language},
	year = {2001}
}


@article{Winter2002,
	author = {Winter, Yoad},
	journal = {Linguistic Inquiry},
	pages = {493–505},
	title = {Atoms and sets: {A} characterization of semantic number},
	volume = {33},
    number={3},
	year = {2002}
}


@article{Zimmermann2008,
	author = {Zimmermann, Malte},
	journal = {Linguistic Variation Yearbook},
	pages = {179--232},
	title = {Variation in the expression of universal quantification and free choice: {{T}}he case of {Hausa} \textit{koo-wh} expressions},
	volume = {8},
	year = {2008}
}
