%% This BibTeX bibliography file was created using BibDesk.
%% http://bibdesk.sourceforge.net/


%% Created for Chiara1 at 2019-06-03 01:29:51 +0200 


%% Saved with string encoding Unicode (UTF-8) 



@article{GastAuwera11,
	Author = {Volker Gast and Johan van der Auwera},
	Date-Added = {2019-06-02 23:54:08 +0200},
	Date-Modified = {2019-06-02 23:54:08 +0200},
	Journal = {Language},
	Number = {1},
	Pages = {2-54},
	Title = {Scalar additive operators in the language of {E}urope},
	Volume = {87},
	Year = {2011}}

@incollection{Heine02,
	Author = {Bernd Heine},
	Booktitle = {New Reflections on Grammaticalization},
	Date-Added = {2019-06-02 23:11:40 +0200},
	Date-Modified = {2019-06-02 23:12:57 +0200},
	Editor = {Ilse Wischer and Gabriele Diewald},
	Pages = {83-101},
	Publisher = {Amsterdam: Benjamins},
	Title = {On the role of context in grammaticalization},
	Year = {2002}}

@book{deVaan,
	Author = {Michiel de Vaan},
	Date-Added = {2019-05-27 19:38:37 +0200},
	Date-Modified = {2019-05-27 19:38:37 +0200},
	Publisher = {Leiden: Brill},
	Title = {Etymological Dictionary of {L}atin and the other {I}talic Languages},
	Year = {2008}}

@book{Campbell01,
	Date-Added = {2019-05-27 18:21:37 +0200},
	Date-Modified = {2019-06-03 01:24:19 +0200},
	Editor = {Lyle Campbell},
	Number = {2-3},
	Series = {Language Sciences 23},
	Title = {Grammaticalization: A critical assessment},
	Year = {2001}}

@article{Gianollo17,
	Author = {Chiara Gianollo},
	Date-Added = {2018-07-25 13:56:04 +0000},
	Date-Modified = {2018-07-25 13:56:04 +0000},
	Journal = {Catalan {J}ournal of {L}inguistics},
	Pages = {51-77},
	Title = {Focus-sensitive negation in {L}atin},
	Volume = {16},
	Year = {2017}}

@phdthesis{Munn93,
	Author = {Alan Munn},
	Date-Added = {2018-07-25 13:31:30 +0000},
	Date-Modified = {2018-07-25 13:31:30 +0000},
	School = {University of Maryland},
	Title = {Topics in the syntax and semantics of coordinate structures},
	Year = {1993}}

@article{Collins16,
	Author = {Chris Collins},
	Date-Added = {2018-07-24 18:24:03 +0000},
	Date-Modified = {2019-06-03 01:25:23 +0200},
	Journal = {{Natural Language Semantics}},
	Pages = {291-303},
	Title = {Not even},
	Volume = {24},
	Year = {2016}}

@article{FoxKatzir11,
	Author = {Danny Fox and Roni Katzir},
	Date-Added = {2018-07-24 10:05:58 +0000},
	Date-Modified = {2018-07-24 10:06:53 +0000},
	Journal = {{Natural Language Semantics}},
	Pages = {87-107},
	Title = {On the characterization of alternatives},
	Volume = {19},
	Year = {2011}}

@article{Katzir07,
	Author = {Roni Katzir},
	Date-Added = {2018-07-24 10:01:53 +0000},
	Date-Modified = {2018-07-24 10:05:50 +0000},
	Journal = {Linguistics and {P}hilosophy},
	Pages = {669-690},
	Title = {Structurally-defined alternatives},
	Volume = {30},
	Year = {2007}}

@article{Garzonio18,
	Author = {Jacopo Garzonio},
	Date-Added = {2018-07-23 14:07:08 +0000},
	Date-Modified = {2018-07-23 14:07:08 +0000},
	Journal = {{Atti del Sodalizio Glottologico Milanese}},
	Pages = {43-57},
	Title = {La concordanza negativa nel volgare veneto delle Origini},
	Volume = {12},
	Year = {2018}}

@book{Asher93,
	Author = {Nicholas Asher},
	Date-Added = {2018-07-22 18:41:36 +0000},
	Date-Modified = {2018-07-22 18:42:56 +0000},
	Publisher = {Dordrecht: Kluwer},
	Title = {Reference to Abstract Objects in Discourse},
	Year = {1993}}

@book{Lehmann15,
	Author = {Christian Lehmann},
	Date-Added = {2017-11-20 00:17:40 +0000},
	Date-Modified = {2019-05-27 17:39:42 +0200},
	Edition = {{T}hird revised edition},
	Publisher = {Language Science Press},
	Title = {Thoughts on grammaticalization},
	Year = {2015}}

@article{Beck06,
	Author = {Sigrid Beck},
	Date-Added = {2017-11-19 08:56:31 +0000},
	Date-Modified = {2018-07-25 13:54:46 +0000},
	Journal = {Linguistics and {P}hilosophy},
	Number = {3},
	Pages = {277-314},
	Title = {Focus on {\em{again}}},
	Volume = {29},
	Year = {2006}}

@incollection{Kiparsky15,
	Author = {Paul Kiparsky},
	Booktitle = {The {Routledge Handbook of Historical Linguistics}},
	Date-Added = {2017-11-19 08:54:01 +0000},
	Date-Modified = {2017-11-19 08:56:23 +0000},
	Editor = {Claire Bowern and Bethwyn Evans},
	Pages = {64-102},
	Publisher = {London: Routledge},
	Title = {New perspectives in historical linguistics},
	Year = {2015}}

@article{AgbayaniGolston10,
	Author = {Brian Agbayani and Chris Golston},
	Date-Added = {2017-11-19 08:16:44 +0000},
	Date-Modified = {2017-11-19 08:16:44 +0000},
	Journal = {{Indogermanische Forschungen}},
	Pages = {1-21},
	Title = {{Second Position is First Position: Wackernagel's Law and the Role of Clausal Conjunctions}},
	Volume = {115},
	Year = {2010}}

@incollection{Giorgi15,
	Author = {Alessandra Giorgi},
	Booktitle = {Discourse-oriented Syntax},
	Date-Added = {2017-11-19 08:16:32 +0000},
	Date-Modified = {2017-11-19 08:16:32 +0000},
	Editor = {Josef Bayer and Roland Hinterh\"olzl and Andreas Trotzke},
	Pages = {229-250},
	Publisher = {Amsterdam: Benjamins},
	Title = {Discourse and the syntax of the left periphery: clitic left dislocation and hanging topic},
	Year = {2015}}

@incollection{MitrovicSauerland14,
	Author = {Moreno Mitrovi\'{c} and Uli Sauerland},
	Booktitle = {Proceedings of {NELS} 44},
	Date-Added = {2017-10-29 13:26:47 +0000},
	Date-Modified = {2017-10-29 13:26:47 +0000},
	Editor = {Jyoti Iyer and Leland Kusmer},
	Pages = {39-52},
	Publisher = {Amherst {MA}: {GLSA} {P}ublications},
	Title = {Decomposing coordination},
	Volume = {2},
	Year = {2014}}

@incollection{ZeevatJasinskaja07,
	Author = {Henk Zeevat and Katja Jasinskaja},
	Booktitle = {{Language, Representation and Reasoning. Memorial volume to Isabel G\'omez Txurruka}},
	Date-Added = {2017-10-28 19:34:01 +0000},
	Date-Modified = {2019-06-03 01:29:36 +0200},
	Editor = {M. Aurnague and K. Korta and J.M. Larrazabal},
	Pages = {315-340},
	Publisher = {{University of the Basque Country Press}},
	Title = {`{A}nd' as an additive particle},
	Year = {2007}}

@article{Zeevat92,
	Author = {Henk Zeevat},
	Date-Added = {2016-08-11 16:18:28 +0000},
	Date-Modified = {2016-08-11 16:19:26 +0000},
	Journal = {{Journal of Semantics}},
	Pages = {379-412},
	Title = {Presupposition and accommodation in update semantics},
	Volume = {9},
	Year = {1992}}

@article{Francoetal16b,
	Author = {Irene Franco and Olga Kellert and Guido Mensching and Cecilia Poletto},
	Date-Added = {2016-08-11 15:35:07 +0000},
	Date-Modified = {2017-10-27 19:08:44 +0000},
	Journal = {{Caplletra. Revista Internacional de Filologia}},
	Pages = {227-258},
	Title = {A diachronic study of the (negative) additive `anche' in Italian},
	Volume = {61},
	Year = {2016}}

@article{denDikken06,
	Author = {Marcel den Dikken},
	Date-Added = {2016-08-10 16:15:51 +0000},
	Date-Modified = {2019-06-03 01:25:54 +0200},
	Journal = {Natural {L}anguage and {L}inguistic {T}heory},
	Pages = {689-749},
	Title = {`{E}ither'-float and the syntax of co-{\em{or}}-dination},
	Volume = {24},
	Year = {2006}}

@incollection{Tovena06,
	Author = {Lucia Tovena},
	Booktitle = {{Proceedings of Sinn und Bedeutung 10}},
	Date-Added = {2016-08-09 14:29:36 +0000},
	Date-Modified = {2016-09-13 14:55:56 +0000},
	Editor = {Christian Ebert and Cornelia Endriss},
	Pages = {373-387},
	Publisher = {Berlin: ZAS},
	Series = {ZAS Papers in Linguistics},
	Title = {Dealing with alternatives},
	Volume = {44.1},
	Year = {2006}}

@article{Umbach12,
	Author = {Carla Umbach},
	Date-Added = {2016-08-09 14:06:31 +0000},
	Date-Modified = {2016-09-24 08:34:33 +0000},
	Journal = {Lingua},
	Number = {15},
	Pages = {1843-1863},
	Title = {Strategies of additivity: {G}erman additive {\em{noch}} compared to {\em{auch}}},
	Volume = {122},
	Year = {2012}}

@incollection{Ahn15,
	Author = {Dorothy Ahn},
	Booktitle = {{Proceedings of Sinn und Bedeutung 19}},
	Date-Added = {2016-08-09 13:42:43 +0000},
	Date-Modified = {2016-09-24 08:35:07 +0000},
	Editor = {Eva Csipak and Hedde Zeijlstra},
	Pages = {20-35},
	Publisher = {Georg-August-Universit\"at G\"ottingen},
	Title = {The semantics of additive {\em{either}}},
	Year = {2015}}

@incollection{SchwenterWaltereit10,
	Author = {Scott A. Schwenter and Richard Waltereit},
	Booktitle = {Subjectification, intersubjectification and grammaticalization},
	Date-Added = {2016-08-08 08:45:16 +0000},
	Date-Modified = {2016-08-08 08:49:52 +0000},
	Editor = {Kristin Davidse and Lieven Vandelanotte and Hubert Cuyckens},
	Pages = {75-102},
	Publisher = {Berlin: de Gruyter},
	Title = {Presupposition accommodation and language change},
	Year = {2010}}

@article{Gianollo16,
	Author = {Chiara Gianollo},
	Date-Added = {2016-07-18 08:39:02 +0000},
	Date-Modified = {2016-07-18 08:40:41 +0000},
	Journal = {Rivista di Grammatica Generativa},
	Pages = {115-135},
	Title = {The {L}atin system of negation at the syntax-semantics interface},
	Volume = {38},
	Year = {2016}}

@incollection{Szabolcsi13,
	Author = {Anna Szabolcsi},
	Booktitle = {Proceedings of the 19th {Amsterdam Colloquium}},
	Date-Added = {2016-07-11 09:23:38 +0000},
	Date-Modified = {2016-07-11 09:30:53 +0000},
	Editor = {Maria Aloni and Michael Franke and Floris Roelofsen},
	Pages = {27-34},
	Publisher = {University of Amsterdam},
	Title = {Quantifier particles and compositionality},
	Year = {2013}}

@incollection{BianchiZamparelli04,
	Author = {Valentina Bianchi and Roberto Zamparelli},
	Booktitle = {Peripheries: syntactic edges and their effects},
	Date-Added = {2016-07-03 10:00:09 +0000},
	Date-Modified = {2016-07-03 10:22:20 +0000},
	Editor = {David Adger and C\'ecile de Cat and George Tsoulas},
	Pages = {313-327},
	Publisher = {Berlin: Springer},
	Title = {Edge coordinations: focus and conjunction reduction},
	Year = {2004}}

@incollection{Hendriks04,
	Author = {Petra Hendriks},
	Booktitle = {The composition of meaning: {F}rom lexeme to discourse},
	Date-Added = {2016-06-18 16:24:04 +0000},
	Date-Modified = {2019-06-03 01:27:20 +0200},
	Editor = {Alice ter Meulen and Werner Abraham},
	Pages = {115-138},
	Publisher = {Amsterdam: Benjamins},
	Title = {`{E}ither', `both' and `neither' in coordinate structures},
	Year = {2004}}

@incollection{Haspelmath07,
	Author = {Martin Haspelmath},
	Booktitle = {Language typology and linguistic description},
	Date-Added = {2016-06-15 18:45:46 +0000},
	Date-Modified = {2016-06-15 18:49:03 +0000},
	Edition = {, 2nd},
	Editor = {Timothy Shopen},
	Pages = {1-51},
	Publisher = {Cambridge: Cambridge University Press},
	Title = {Coordination},
	Year = {2007}}

@book{Koenig91,
	Author = {Ekkehard K\"{o}nig},
	Date-Added = {2016-06-14 19:01:18 +0000},
	Date-Modified = {2016-06-14 19:01:18 +0000},
	Publisher = {London: Routledge},
	Title = {The meaning of focus particles: {A} comparative perspective},
	Year = {1991}}

@article{Wurmbrand08,
	Author = {Susi Wurmbrand},
	Date-Added = {2016-06-02 17:35:01 +0000},
	Date-Modified = {2019-06-03 01:29:08 +0200},
	Journal = {{Linguistic Inquiry}},
	Number = {3},
	Pages = {511-522},
	Title = {`{N}or': neither disjunction nor paradox},
	Volume = {39},
	Year = {2008}}

@incollection{Doetjes05,
	Author = {Jenny Doetjes},
	Booktitle = {Proceedings of {Sinn und Bedeutung} 9},
	Date-Added = {2016-02-08 08:45:28 +0000},
	Date-Modified = {2016-09-24 08:51:17 +0000},
	Editor = {Emar Maier and Corien Bary and Janneke Huitink},
	Pages = {72-86},
	Publisher = {Nijmegen: Nijmegen Center of Semantics},
	Title = {The chameleonic nature of {F}rench {\em{ni}}: negative coordination in a negative concord language},
	Year = {2005}}

@phdthesis{Rooth85,
	Author = {Mats Rooth},
	Date-Added = {2016-02-06 18:45:31 +0000},
	Date-Modified = {2016-02-06 18:46:23 +0000},
	School = {University of Massachusetts, Amherst},
	Title = {Association with focus},
	Year = {1985}}

@incollection{OrlandiniPoccetti07,
	Author = {Anna Orlandini and Paolo Poccetti},
	Booktitle = {La n\'egation dans les langues romanes},
	Date-Added = {2016-02-04 19:23:43 +0000},
	Date-Modified = {2016-07-18 08:46:53 +0000},
	Editor = {Franck Floricic},
	Pages = {29-47},
	Publisher = {Amsterdam: Benjamins},
	Title = {Il y a {\em{nec}} et {\em{nec}}: {T}rois valeurs de la n\'egation en latin et dans les langues de l'{I}talie ancienne},
	Year = {2007}}

@incollection{Gianolloetal15,
	Author = {Chiara Gianollo and Agnes J\"ager and Doris Penka},
	Booktitle = {Language change at the syntax
	-semantics interface},
	Date-Added = {2016-02-01 12:57:19 +0000},
	Date-Modified = {2016-02-01 12:59:34 +0000},
	Editor = {Chiara Gianollo and Agnes J\"ager and Doris Penka},
	Pages = {1-32},
	Publisher = {Berlin/New York: de Gruyter},
	Title = {Language change at the syntax-semantics interface. {P}erspectives and challenges},
	Year = {2015}}

@article{Deo15,
	Author = {Ashwini Deo},
	Date-Added = {2016-02-01 12:54:27 +0000},
	Date-Modified = {2016-02-01 12:55:16 +0000},
	Journal = {Annual Review of Linguistics},
	Pages = {179-197},
	Title = {Diachronic Semantics},
	Volume = {1},
	Year = {2015}}

@incollection{Aranovich06,
	Author = {Ra\'ul Aranovich},
	Booktitle = {{New Perspectives on Romance Linguistics. Selected papers from the 35th LSRL}},
	Date-Added = {2015-11-06 11:01:19 +0000},
	Date-Modified = {2019-06-03 01:22:45 +0200},
	Editor = {Jean-Pierre Montreuil and Chiyo Nishida},
	Pages = {1-12},
	Publisher = {Amsterdam: Benjamins},
	Title = {A Polarity-Sensitive Disjunction: {S}panish {\em{NI ... NI}}},
	Volume = {1},
	Year = {2006}}

@article{Lahiri98,
	Author = {Utpal Lahiri},
	Date-Added = {2015-10-15 09:11:44 +0000},
	Date-Modified = {2015-10-15 09:12:56 +0000},
	Journal = {Natural Language Semantics},
	Pages = {57-123},
	Title = {Focus and negative polarity in {H}indi},
	Volume = {6},
	Year = {1998}}

@incollection{Zeijlstra14,
	Author = {Hedde Zeijlstra},
	Booktitle = {Minimalism and Beyond: Radicalizing the interfaces},
	Date-Added = {2015-09-13 15:43:56 +0000},
	Date-Modified = {2015-09-13 15:45:37 +0000},
	Editor = {Peter Kosta and Steven L. Franks and Teodora Radeva-Bork and Lilia Sch{\"{u}}rcks},
	Pages = {109--128},
	Publisher = {Amsterdam: Benjamins},
	Title = {On the uninterpretability of interpretable features},
	Year = {2014}}

@book{Chierchia13,
	Author = {Gennaro Chierchia},
	Date-Added = {2015-09-13 12:42:54 +0000},
	Date-Modified = {2016-09-24 08:45:25 +0000},
	Publisher = {Oxford: Oxford University Press},
	Title = {Logic in Grammar: Polarity, {Free Choice}, and Intervention},
	Year = {2013}}

@book{Jespersen17,
	Author = {Otto Jespersen},
	Date-Added = {2015-09-13 10:58:25 +0000},
	Date-Modified = {2015-09-13 11:02:40 +0000},
	Publisher = {Copenhagen: H{\o}st},
	Title = {Negation in {E}nglish and other languages},
	Year = {1917}}

@book{Pinkster15,
	Author = {Harm Pinkster},
	Date-Added = {2015-09-05 11:07:15 +0000},
	Date-Modified = {2015-09-05 11:08:25 +0000},
	Publisher = {Oxford: Oxford University Press},
	Title = {{The Oxford Latin Syntax. V}olume 1: The Simple Clause},
	Year = {2015}}

@book{Gelderen04a,
	Author = {Elly van Gelderen},
	Date-Added = {2015-08-23 13:40:10 +0000},
	Date-Modified = {2015-08-23 13:40:39 +0000},
	Publisher = {Amsterdam: Benjamins},
	Title = {Grammaticalization as Economy},
	Year = {2004}}

@book{BerniniRamat96,
	Author = {Giuliano Bernini and Paolo Ramat},
	Date-Added = {2015-06-08 19:30:04 +0000},
	Date-Modified = {2015-06-08 19:31:29 +0000},
	Publisher = {Berlin: Mouton de Gruyter},
	Title = {Negative sentences in the languages of {E}urope: a typological approach},
	Year = {1996}}

@article{Watanabe04,
	Author = {Akira Watanabe},
	Date-Added = {2015-05-28 11:04:36 +0000},
	Date-Modified = {2015-05-28 11:06:20 +0000},
	Journal = {Linguistic {I}nquiry},
	Number = {4},
	Pages = {559-612},
	Title = {The genesis of {Negative Concord}},
	Volume = {35},
	Year = {2004}}

@article{Fruyt08a,
	Author = {Mich\`ele Fruyt},
	Date-Added = {2015-03-21 17:20:04 +0000},
	Date-Modified = {2015-03-23 14:41:16 +0000},
	Journal = {Revue de {L}inguistique {L}atine du {C}entre {A}lfred {E}rnout {\em{De lingua {L}atina}}},
	Pages = {1-44},
	Title = {N\'egation et grammaticalisation en latin},
	Volume = {1},
	Year = {2008}}

@book{Cinque99,
	Author = {Guglielmo Cinque},
	Date-Added = {2015-02-24 19:55:51 +0000},
	Date-Modified = {2015-02-24 19:56:51 +0000},
	Publisher = {Oxford: Oxford University Press},
	Title = {Adverbs and functional heads},
	Year = {1999}}

@book{Gianollo18,
	Author = {Chiara Gianollo},
	Date-Added = {2015-02-24 11:50:23 +0000},
	Date-Modified = {2018-07-22 10:19:43 +0000},
	Publisher = {Oxford: Oxford University Press},
	Title = {Indefinites between {L}atin and {R}omance},
	Year = {2018}}

@article{BHR14,
	Author = {Theresa Biberauer and Anders Holmberg and Ian Roberts},
	Date-Added = {2015-02-23 18:37:49 +0000},
	Date-Modified = {2015-02-23 18:40:46 +0000},
	Journal = {Linguistic {I}nquiry},
	Number = {2},
	Pages = {169-225},
	Title = {A syntactic universal and its consequences},
	Volume = {45},
	Year = {2014}}

@incollection{Eckardt12,
	Author = {Regine Eckardt},
	Booktitle = {Semantics. {A}n international handbook of natural language meaning},
	Date-Added = {2014-11-03 21:37:21 +0000},
	Date-Modified = {2019-05-27 18:59:09 +0200},
	Editor = {Claudia Maienborn and Klaus von Heusinger and Paul Portner},
	Pages = {2675-2701},
	Publisher = {Berlin: de Gruyter},
	Title = {Grammaticalization and semantic reanalysis},
	Volume = {3},
	Year = {2012}}

@book{Orlandini01,
	Author = {Anna Orlandini},
	Date-Added = {2014-10-31 21:41:13 +0000},
	Date-Modified = {2018-07-25 07:54:45 +0000},
	Publisher = {Louvain: Peeters},
	Series = {Grammaire fondamentale du latin, Tome {VIII}},
	Title = {N{\'e}gation et argumentation en latin.},
	Year = {2001}}

@book{Zanuttini97,
	Author = {Raffaella Zanuttini},
	Date-Added = {2014-10-26 19:42:30 +0000},
	Date-Modified = {2014-10-26 19:44:00 +0000},
	Publisher = {Oxford: Oxford University Press},
	Title = {Negation and clausal structure: {A} comparative study of {R}omance languages},
	Year = {1997}}

@phdthesis{Zeijlstra04,
	Author = {Hedde Zeijlstra},
	Date-Added = {2014-10-20 10:09:07 +0000},
	Date-Modified = {2014-10-20 10:10:50 +0000},
	School = {Universiteit van {A}msterdam},
	Title = {Sentential negation and {N}egative {C}oncord},
	Year = {2004}}

@incollection{Zanuttini10,
	Author = {Raffaella Zanuttini},
	Booktitle = {Grammatica dell'italiano antico},
	Date-Added = {2014-10-20 10:05:03 +0000},
	Date-Modified = {2014-10-20 10:07:05 +0000},
	Editor = {Giampaolo Salvi and Lorenzo Renzi},
	Pages = {569-582},
	Publisher = {Bologna: Il Mulino},
	Title = {La negazione},
	Volume = {1},
	Year = {2010}}

@book{Poletto14,
	Author = {Cecilia Poletto},
	Date-Added = {2014-10-20 10:04:10 +0000},
	Date-Modified = {2014-10-20 10:04:59 +0000},
	Publisher = {Oxford: Oxford University Press},
	Title = {Word {O}rder in {O}ld {I}talian},
	Year = {2014}}

@book{TraugottDasher02,
	Author = {Elizabeth Closs Traugott and Richard B. Dasher},
	Date-Added = {2014-06-24 14:44:19 +0000},
	Date-Modified = {2019-05-27 17:04:00 +0200},
	Publisher = {Cambridge: Cambridge University Press},
	Title = {Regularity in semantic change},
	Year = {2002}}

@book{Eckardt06,
	Author = {Regine Eckardt},
	Date-Added = {2014-06-24 13:46:10 +0000},
	Date-Modified = {2014-11-24 13:30:44 +0000},
	Publisher = {Oxford: Oxford University Press},
	Title = {Meaning change in grammaticalization. {A}n enquiry into semantic reanalysis},
	Year = {2006}}

@book{Penka11,
	Author = {Doris Penka},
	Date-Added = {2013-04-05 06:21:02 +0000},
	Date-Modified = {2015-02-24 23:29:42 +0000},
	Publisher = {Oxford: Oxford University Press},
	Title = {Negative Indefinites},
	Year = {2011}}

@book{RobertsRoussou03,
	Author = {Ian Roberts and Anna Roussou},
	Date-Added = {2012-07-06 01:40:40 +0200},
	Date-Modified = {2012-07-06 01:44:45 +0200},
	Publisher = {Cambridge: Cambridge University Press},
	Title = {Syntactic Change: A Minimalist Approach to {G}rammaticalization},
	Year = {2003}}

@book{Haspelmath97,
	Author = {Martin Haspelmath},
	Date-Added = {2012-01-19 12:56:47 +0100},
	Date-Modified = {2016-01-23 17:21:18 +0000},
	Publisher = {Oxford: Oxford University Press},
	Title = {Indefinite Pronouns},
	Year = {1997}}
