%% This BibTeX bibliography file was created using BibDesk.
%% http://bibdesk.sourceforge.net/

%% Created for Tabea Harris at 2019-04-26 11:12:59 +0200 


%% Saved with string encoding Unicode (UTF-8) 



@article{Yoon1996,
	Author = {Yoon, Youngeun},
	Date-Added = {2019-04-26 11:07:05 +0200},
	Date-Modified = {2019-04-26 11:07:59 +0200},
	Journal = {Natural Language Semantics},
	Pages = {217-236},
	Title = {Total and partial predicates and the weak and strong interpretations},
	Volume = {4},
	Year = {1996}}

@incollection{vonStechow2009,
	Author = {von Stechow, Arnim},
	Booktitle = {Quantification, Definiteness and Nominalization},
	Date-Added = {2019-04-26 11:04:58 +0200},
	Date-Modified = {2019-04-26 11:06:59 +0200},
	Editor = {Anastasia Giannakidou and Monika Rathert},
	Pages = {214-233},
	Publisher = {Oxford: Oxford University Press},
	Title = {The temporal adjectives fr{\"u}h(er)/ sp{\"a}t(er) 'early(er)'/ 'late(r)' and the semantics of the positive},
	Year = {2009}}

@article{vonStechow1984,
	Author = {von Stechow, Arnim},
	Date-Added = {2019-04-26 11:04:12 +0200},
	Date-Modified = {2019-04-26 11:04:56 +0200},
	Journal = {Journal of Semantics},
	Pages = {1-77},
	Title = {Comparing semantic theories of comparison},
	Volume = {3},
	Year = {1984}}

@book{Unger1975,
	Author = {Unger, Peter},
	Date-Added = {2019-04-26 11:03:38 +0200},
	Date-Modified = {2019-04-26 11:04:07 +0200},
	Publisher = {Oxford: Clarendon Press},
	Title = {Ignorance: A Case for Scepticism},
	Year = {1975}}

@book{Traugott2013,
	Author = {Traugott, Elizabeth C. and Graeme Trousdale},
	Date-Added = {2019-04-26 11:02:46 +0200},
	Date-Modified = {2019-04-26 11:03:28 +0200},
	Publisher = {Oxford: Oxford University Press},
	Title = {Constructionalization and Constructional Changes},
	Year = {2013}}

@inproceedings{Toledo2011,
	Author = {Toledo, Assaf and Galit Sassoon},
	Booktitle = {Proceedings of Semantics and Linguistic Theory (SALT)},
	Date-Added = {2019-04-26 11:00:18 +0200},
	Date-Modified = {2019-04-26 11:02:43 +0200},
	Pages = {135-154},
	Title = {Absolute vs. Relative Adjectives: Variation Within vs. Between Individuals},
	Volume = {21},
	Year = {2011}}

@article{Rotstein2004,
	Author = {Rotstein, Carmen and Yoad Winter},
	Date-Added = {2019-04-26 10:59:15 +0200},
	Date-Modified = {2019-04-26 11:00:16 +0200},
	Journal = {Natural Language Semantics},
	Pages = {259-288},
	Title = {Total Adjectives vs. Partial Adjectives: Scale Structure and Higher-Order Modifiers},
	Volume = {12},
	Year = {2004}}

@article{Plagetal,
	Author = {Plag, Ingo and  Christiane Dalton-Puffer and Harald Baayen},
	Date-Added = {2019-04-26 10:58:12 +0200},
	Date-Modified = {2019-04-26 10:59:13 +0200},
	Journal = {English Language and Linguistics},
	Number = {2},
	Pages = {209-228},
	Title = {Morphological productivity across speech and writing},
	Volume = {3},
	Year = {1999}}

@book{OED2015,
	Author = {Proffitt, Michael},
	Date-Added = {2019-04-26 10:56:20 +0200},
	Date-Modified = {2019-04-26 10:58:06 +0200},
	Edition = {3},
	Publisher = {Oxford: Oxford University Press},
	Title = {Oxford English Dictionary},
	Year = {2015}}

@book{MED-MEC,
	Author = {McSparran, Frances and  Paul Schaffner and John Latta and Alan Pagliere and Christina Powell and Matt Stoeffler},
	Date-Added = {2019-04-26 10:54:41 +0200},
	Date-Modified = {2019-04-26 10:55:54 +0200},
	Publisher = {Ann Arbor: University of Michigan Press},
	Title = {Middle English Dictionary. Online Edition in Middle English Compendium},
	Year = {2000-2018}}

@article{Lewis1979,
	Author = {Lewis, David},
	Date-Added = {2019-04-26 10:53:50 +0200},
	Date-Modified = {2019-04-26 10:54:37 +0200},
	Journal = {Journal of Philosophical Logic},
	Number = {1},
	Pages = {339-359},
	Title = {Scorekeeping in a language game},
	Volume = {8},
	Year = {1979}}

@incollection{BNCweb,
	Author = {Lehmann, Hans-Martin and  Peter Schneider and Sebastian Hoffmann},
	Booktitle = {Corpora Galore: Analysis and Techniques in Describing English},
	Date-Added = {2019-04-26 10:51:24 +0200},
	Date-Modified = {2019-04-26 10:53:19 +0200},
	Editor = {John Kirk},
	Pages = {259-266},
	Publisher = {Amsterdam: Rodopi},
	Title = {BNCweb},
	Year = {2000}}

@article{Lasersohn1999,
	Author = {Lasersohn, Peter},
	Date-Added = {2019-04-26 10:50:34 +0200},
	Date-Modified = {2019-04-26 10:51:14 +0200},
	Journal = {Linguistics and Philosophy},
	Pages = {522-571},
	Title = {Pragmatic halos},
	Volume = {75},
	Year = {1999}}

@unpublished{Kuzmack2007,
	Author = {Kuzmack, Stephanie},
	Date-Added = {2019-04-26 10:49:02 +0200},
	Date-Modified = {2019-04-26 10:50:31 +0200},
	Note = {Paper given at the 2007 LSA Annual Meeting, 4 January 2007. Anaheim: CA},
	Title = {Ish: A new case of antigrammaticalization},
	Year = {2007}}

@book{PPCME2,
	Author = {Kroch, Anthony and Ann Taylor},
	Date-Added = {2019-04-26 10:47:55 +0200},
	Date-Modified = {2019-04-26 10:48:52 +0200},
	Publisher = {Philadelphia: University of Pennsylvania},
	Title = {The Penn-Helsinki Parsed Corpus of Middle English, Second Edition (PPCME2)},
	Year = {2000}}

@article{Klein1980,
	Author = {Klein, Ewan},
	Date-Added = {2019-04-26 10:47:09 +0200},
	Date-Modified = {2019-04-26 10:47:49 +0200},
	Journal = {Linguistics and Philosophy},
	Pages = {1-45},
	Title = {A semantics for positive and comparative adjectives},
	Volume = {4},
	Year = {1980}}

@article{Kennedy2005,
	Author = {Kennedy, Christopher and Louise McNally},
	Date-Added = {2019-04-26 10:46:07 +0200},
	Date-Modified = {2019-04-26 10:47:06 +0200},
	Journal = {Language},
	Pages = {345-381},
	Title = {Scale structure, degree modification, and the semantics of gradable predicates},
	Volume = {81},
	Year = {2005}}

@article{Kennedy2007,
	Author = {Kennedy, Christopher},
	Date-Added = {2019-04-26 10:45:15 +0200},
	Date-Modified = {2019-04-26 10:46:05 +0200},
	Journal = {Linguistics and Philosophy},
	Number = {1},
	Pages = {1-45},
	Title = {Vagueness and grammar: The study of relative and absolute gradable predicates},
	Volume = {30},
	Year = {2007}}

@article{Hansen2017,
	Author = {Hansen, Nat and Emmanuel Chemla},
	Date-Added = {2019-04-26 10:44:07 +0200},
	Date-Modified = {2019-04-26 10:45:05 +0200},
	Journal = {Linguistics and Philosophy},
	Number = {3},
	Pages = {239-278},
	Title = {Color adjectives, standards, and thresholds: an experimental investigation},
	Volume = {40},
	Year = {2017}}

@book{Dixon2014,
	Author = {Dixon, Robert M. W.},
	Date-Added = {2019-04-26 10:43:08 +0200},
	Date-Modified = {2019-04-26 10:43:54 +0200},
	Publisher = {Oxford: Oxford University Press},
	Title = {Making new words: Morphological derivation in English},
	Year = {2014}}

@misc{Davies2018,
	Author = {Davies, Mark},
	Date-Added = {2019-04-26 10:42:25 +0200},
	Date-Modified = {2019-04-26 10:43:03 +0200},
	Howpublished = {https://english-corpora.org/iWeb/.},
	Title = {The 14 Billion Word iWeb Corpus},
	Year = {2018-}}

@misc{Davies2013,
	Author = {Davies, Mark},
	Date-Added = {2019-04-26 10:41:35 +0200},
	Date-Modified = {2019-04-26 10:42:21 +0200},
	Howpublished = {https://english-corpora.org/glowbe/.},
	Title = {Corpus of Global Web-Based English (GloWbE)},
	Year = {2013}}

@misc{Davies2008,
	Author = {Davies, Mark},
	Date-Added = {2019-04-26 10:39:35 +0200},
	Date-Modified = {2019-04-26 10:41:27 +0200},
	Howpublished = {https://english-corpora.org/coca/.},
	Title = {The {Corpus} of {Contemporary American English} {(COCA)}},
	Year = {2008}}

@article{Cobreros2012,
	Author = {Cobreros, Pablo and  Paul Egré, David Ripley and Robert van Rooij},
	Date-Added = {2019-04-26 10:38:27 +0200},
	Date-Modified = {2019-04-26 10:39:32 +0200},
	Journal = {Journal of Philosophical Logic},
	Pages = {347-385},
	Title = {Tolerant, classical, strict},
	Volume = {41},
	Year = {2012}}

@book{Burnett2017,
	Author = {Burnett, Heather},
	Date-Added = {2019-04-26 10:37:27 +0200},
	Date-Modified = {2019-04-26 10:38:21 +0200},
	Publisher = {Oxford: Oxford University Press},
	Title = {Gradability in Natural Language: {L}ogical and Grammatical Foundations},
	Year = {2017}}

@article{Burnett2012b,
	Author = {Burnett, Heather},
	Date-Added = {2019-04-26 10:35:34 +0200},
	Date-Modified = {2019-04-26 10:37:16 +0200},
	Journal = {UCLA Working Papers in Linguistics},
	Pages = {1-50},
	Title = {The Puzzle(s) of Absolute Adjectives. {O}n Vagueness, Comparison, and the Origin of Scale Structure},
	Volume = {16},
	Year = {2012b}}

@incollection{Burnett2012a,
	Author = {Burnett, Heather},
	Booktitle = {Proceedings of {Sinn} und {Bedeutung} 16 ({S}uB16)},
	Date-Added = {2019-04-26 10:30:02 +0200},
	Date-Modified = {2019-04-26 10:35:31 +0200},
	Editor = {Ana Aguilar Guevara, Anna Chernilovskaya, and Rick Nouwen},
	Pages = {127-140},
	Publisher = {Cambridge, MA: MIT Working Papers in Linguistics},
	Title = {{(A)}symmetric Vagueness and the Absolute/Relative Distinction},
	Volume = {1},
	Year = {2012a}}

@inproceedings{Bochnak2014,
	Author = {Bochnak, M. Ryan and Eva Csipak},
	Booktitle = {Proceedings of Semantics and Linguistic Theory {(SALT)}},
	Date-Added = {2019-04-26 10:13:00 +0200},
	Date-Modified = {2019-04-26 11:01:33 +0200},
	Journal = {Proceedings of Semantics and Linguistic Theory (SALT)},
	Pages = {432-452},
	Title = {A new metalinguistic degree morpheme},
	Volume = {24},
	Year = {2014}}

@book{Bauer2013,
	Author = {Bauer, Laurie and  Rochelle Lieber and Ingo Plag},
	Date-Added = {2019-04-26 10:11:01 +0200},
	Date-Modified = {2019-04-26 10:12:55 +0200},
	Publisher = {Oxford: Oxford University Press},
	Read = {0},
	Title = {The {Oxford} Reference Guide to {English} Morphology},
	Year = {2013}}
	
@book{marchand_categories_1969,
	address = {München},
	edition = {2},
	title = {The Categories and Types of {Present}-{Day} {English} Word-Formation. {A} Synchronic-Diachronic Approach},
	shorttitle = {The Categories and Types of {Present}-{Day} Word-Formation},
	publisher = {Beck},
	author = {Marchand, Hans},
	year = {1969}}
