%% This BibTeX bibliography file was created using BibDesk.
%% http://bibdesk.sourceforge.net/

%% Created for Lukasz Jedrzejowski  at 2019-04-30 15:22:49 +0200 


%% Saved with string encoding Unicode (UTF-8) 



@book{Bates-Maechler-etal2012,
	Author = {Douglas M. Bates and Martin Maechler and Ben Bolker},
	Date-Added = {2019-04-30 14:49:54 +0200},
	Date-Modified = {2019-04-30 14:56:13 +0200},
	Keywords = {R},
	Publisher = {R package version 0.999999-0},
	Title = {{l}me4: {L}inear mixed-effects models using {S}4 classes},
	Year = {2012}}

@book{Team2012,
	Author = {{R Core Team}},
	Date-Added = {2019-04-30 14:38:44 +0200},
	Date-Modified = {2019-04-30 14:39:59 +0200},
	Keywords = {R, statistics},
	Publisher = {Vienna: R Foundation for Statistical Computing},
	Title = {{A} {L}anguage and {E}nvironment for {S}tatistical {C}omputing},
	Year = {2012}}

@article{Umbach-Gust2014,
	Author = {Carla Umbach and Helmar Gust},
	Date-Added = {2019-04-28 19:19:46 +0200},
	Date-Modified = {2019-04-28 19:19:46 +0200},
	Doi = {10.1016/j.lingua.2014.05.003},
	Journal = {Lingua},
	Keywords = {similarity, demonstrative, ad-hoc kinds, multi-dimensional spaces, generalized measure function, indistinguishability},
	Number = {1},
	Pages = {74-93},
	Title = {{S}imilarity demonstratives},
	Volume = {149},
	Year = {2014},
	Bdsk-File-1 = {YnBsaXN0MDDSAQIDBFxyZWxhdGl2ZVBhdGhZYWxpYXNEYXRhXxBLLi4vLi4vLi4vLi4vLi4vLi4vLi4vVm9sdW1lcy9MaXRlcmF0dXIvQmlCVGVYL1NpbWlsYXJpdHkgZGVtb25zdHJhdGl2ZXMucGRmTxEBkAAAAAABkAACAAAJTGl0ZXJhdHVyAAAAAAAAAAAAAAAAAAAAAAAA1N4fqUgrAAAAAADYHVNpbWlsYXJpdHkgZGVtb25zdHJhdGl2ZXMucGRmAAAAAAAAAAAAAAAAAAAAAAAAAAAAAAAAAAAAAAAAAAAAAAAAWvjY6JgfAAAAAAAAAAD/////AAAJAAAAAAAAAAAAAAAAAAAAAAZCaUJUZVgAEAAIAADU3hGZAAAAEQAIAADY6Hv/AAAAAQAEAAAA2AACAC9MaXRlcmF0dXI6QmlCVGVYOgBTaW1pbGFyaXR5IGRlbW9uc3RyYXRpdmVzLnBkZgAADgA8AB0AUwBpAG0AaQBsAGEAcgBpAHQAeQAgAGQAZQBtAG8AbgBzAHQAcgBhAHQAaQB2AGUAcwAuAHAAZABmAA8AFAAJAEwAaQB0AGUAcgBhAHQAdQByABIAJS9CaUJUZVgvU2ltaWxhcml0eSBkZW1vbnN0cmF0aXZlcy5wZGYAABMAEi9Wb2x1bWVzL0xpdGVyYXR1cv//AAAACAANABoAJAByAAAAAAAAAgEAAAAAAAAABQAAAAAAAAAAAAAAAAAAAgY=}}

@book{Lewis1973,
	Author = {David Lewis},
	Date-Added = {2019-04-25 22:46:31 +0200},
	Date-Modified = {2019-04-25 22:46:31 +0200},
	Keywords = {conditional clause, adjunct clause, adverbial clause, counterfactual, semantics, pragmatics},
	Publisher = {Cambridge: Harvard University Press},
	Title = {{C}ounterfactuals},
	Year = {1973}}

@incollection{Fintel2011,
	Author = {Kai von Fintel},
	Booktitle = {{S}emantics. {A}n {I}nternational {H}andbook of {N}atural {L}anguage {M}eaning},
	Date-Added = {2019-04-25 22:43:42 +0200},
	Date-Modified = {2019-04-25 22:43:42 +0200},
	Doi = {10.1515/9783110255072.1515},
	Editor = {Klaus von Heusinger and Claudia Maienborn and Paul Portner},
	Keywords = {conditional clause, adverbial clause, adjunct clause, semantics, pragmatics},
	Number = {33/2},
	Pages = {1515-1538},
	Publisher = {Berlin: de Gruyter},
	Series = {Handb{\"u}cher zur Sprach- und Kommunikationswissenschaft},
	Title = {{C}onditionals},
	Volume = {2},
	Year = {2011},
	Bdsk-Url-1 = {https://doi.org/10.1515/9783110255072.1515}}

@incollection{Stalnaker1968,
	Author = {Robert Stalnaker},
	Booktitle = {{S}tudies in {L}ogical {T}heory},
	Date-Added = {2019-04-25 22:37:42 +0200},
	Date-Modified = {2019-04-25 22:37:42 +0200},
	Editor = {Nicholas Rescher},
	Keywords = {conditional clause, adverbial clause, adjunct clause, semantics, pragmatics},
	Pages = {98-112},
	Publisher = {Oxford: Blackwell},
	Title = {{A} theory of conditionals},
	Year = {1968}}

@article{Bucking2017,
	Author = {Sebastian B{\"u}cking},
	Date-Added = {2019-04-25 15:15:49 +0200},
	Date-Modified = {2019-04-25 22:50:36 +0200},
	Doi = {10.1007/s11049-017-9364-1},
	Journal = {{Natural Language and Linguistic Theory}},
	Keywords = {adverbial clause, event semantics, situation semantics, conditional clause, comparison},
	Number = {4},
	Pages = {979-1025},
	Title = {{C}omposing \textit{wie wenn} - {T}he semantics of hypothetical comparison clauses in {G}erman},
	Volume = {35},
	Year = {2017},
	Bdsk-File-1 = {YnBsaXN0MDDSAQIDBFxyZWxhdGl2ZVBhdGhZYWxpYXNEYXRhXxB/Li4vLi4vLi4vLi4vLi4vLi4vLi4vVm9sdW1lcy9MaXRlcmF0dXIvQmlCVGVYL0NvbXBvc2luZyB3aWUgd2VubiB0aGUgc2VtYW50aWNzIG9mIGh5cG90aGV0aWNhbCBjb21wYXJpc29uIGNsYXVzZXMgaW4gR2VybWFuLnBkZk8RAi4AAAAAAi4AAgAACUxpdGVyYXR1cgAAAAAAAAAAAAAAAAAAAAAAANTeH6lIKwAAAAAA2B9Db21wb3Npbmcgd2llIHdlbm4gdGhlIzU3M0EucGRmAAAAAAAAAAAAAAAAAAAAAAAAAAAAAAAAAAAAAAAAAAAAAFc62Ll+MQAAAAAAAAAA/////wAACQAAAAAAAAAAAAAAAAAAAAAGQmlCVGVYABAACAAA1N4RmQAAABEACAAA2LlwIQAAAAEABAAAANgAAgAxTGl0ZXJhdHVyOkJpQlRlWDoAQ29tcG9zaW5nIHdpZSB3ZW5uIHRoZSM1NzNBLnBkZgAADgCkAFEAQwBvAG0AcABvAHMAaQBuAGcAIAB3AGkAZQAgAHcAZQBuAG4AIAB0AGgAZQAgAHMAZQBtAGEAbgB0AGkAYwBzACAAbwBmACAAaAB5AHAAbwB0AGgAZQB0AGkAYwBhAGwAIABjAG8AbQBwAGEAcgBpAHMAbwBuACAAYwBsAGEAdQBzAGUAcwAgAGkAbgAgAEcAZQByAG0AYQBuAC4AcABkAGYADwAUAAkATABpAHQAZQByAGEAdAB1AHIAEgBZL0JpQlRlWC9Db21wb3Npbmcgd2llIHdlbm4gdGhlIHNlbWFudGljcyBvZiBoeXBvdGhldGljYWwgY29tcGFyaXNvbiBjbGF1c2VzIGluIEdlcm1hbi5wZGYAABMAEi9Wb2x1bWVzL0xpdGVyYXR1cv//AAAACAANABoAJACmAAAAAAAAAgEAAAAAAAAABQAAAAAAAAAAAAAAAAAAAtg=}}

@article{Fabricius-Hansen-Saebo2004,
	Author = {Cathrine Fabricius-Hansen and Kjell Johan S{\ae}b{\o}},
	Date-Added = {2019-04-25 14:16:13 +0200},
	Date-Modified = {2019-04-25 14:16:13 +0200},
	Doi = {10.1023/B:NALS.0000034514.27887.d9},
	Journal = {Natural Language Semantics},
	Keywords = {mood signal, German, Konjunktiv, verbal mood, morphology, semantics, pragmatics},
	Number = {3},
	Pages = {213-257},
	Title = {{I}n a mediative mood: {T}he semantics of the {G}erman reportive subjunctive},
	Volume = {12},
	Year = {2004},
	Bdsk-File-1 = {YnBsaXN0MDDSAQIDBFxyZWxhdGl2ZVBhdGhZYWxpYXNEYXRhXxB3Li4vLi4vLi4vLi4vLi4vLi4vLi4vVm9sdW1lcy9MaXRlcmF0dXIvQmlCVGVYL0luIGEgbWVkaWF0aXZlIG1vb2QgVGhlIHNlbWFudGljcyBvZiB0aGUgR2VybWFuIHJlcG9ydGl2ZSBzdWJqdW5jdGl2ZS5wZGZPEQIWAAAAAAIWAAIAAAlMaXRlcmF0dXIAAAAAAAAAAAAAAAAAAAAAAADU3h+pSCsAAAAAANgfSW4gYSBtZWRpYXRpdmUgbW9vZCBUaCM1QUNDLnBkZgAAAAAAAAAAAAAAAAAAAAAAAAAAAAAAAAAAAAAAAAAAAABazNjncO4AAAAAAAAAAP////8AAAkAAAAAAAAAAAAAAAAAAAAABkJpQlRlWAAQAAgAANTeEZkAAAARAAgAANjnVM4AAAABAAQAAADYAAIAMUxpdGVyYXR1cjpCaUJUZVg6AEluIGEgbWVkaWF0aXZlIG1vb2QgVGgjNUFDQy5wZGYAAA4AlABJAEkAbgAgAGEAIABtAGUAZABpAGEAdABpAHYAZQAgAG0AbwBvAGQAIABUAGgAZQAgAHMAZQBtAGEAbgB0AGkAYwBzACAAbwBmACAAdABoAGUAIABHAGUAcgBtAGEAbgAgAHIAZQBwAG8AcgB0AGkAdgBlACAAcwB1AGIAagB1AG4AYwB0AGkAdgBlAC4AcABkAGYADwAUAAkATABpAHQAZQByAGEAdAB1AHIAEgBRL0JpQlRlWC9JbiBhIG1lZGlhdGl2ZSBtb29kIFRoZSBzZW1hbnRpY3Mgb2YgdGhlIEdlcm1hbiByZXBvcnRpdmUgc3VianVuY3RpdmUucGRmAAATABIvVm9sdW1lcy9MaXRlcmF0dXL//wAAAAgADQAaACQAngAAAAAAAAIBAAAAAAAAAAUAAAAAAAAAAAAAAAAAAAK4}}

@book{Becker-Remberger2010,
	Author = {Martin G. Becker and Eva-Maria Remberger},
	Date-Added = {2019-04-25 14:11:03 +0200},
	Date-Modified = {2019-04-25 14:59:17 +0200},
	Doi = {10.1515/9783110234343},
	Keywords = {modality, mood, Romance, Romance languages, modal interpretation, mood selection, mood alternation},
	Number = {533},
	Publisher = {Berlin: de Gruyter},
	Series = {{L}inguistische {A}rbeiten},
	Title = {{M}odality and {M}ood in {R}omance: {M}odal {I}nterpretation, {M}ood {S}election, and {M}ood {A}lternation},
	Year = {2010},
	Bdsk-Url-1 = {https://doi.org/10.1515/9783110234343}}

@book{Portner2018,
	Author = {Paul Portner},
	Date-Added = {2019-04-25 14:09:16 +0200},
	Date-Modified = {2019-04-25 14:09:16 +0200},
	Keywords = {mood, modality, illocutionary force, speech act},
	Number = {5},
	Publisher = {Oxford: Oxford University Press},
	Series = {Oxford Surveys in Semantics and Pragmatics},
	Title = {{M}ood},
	Year = {2018},
	Bdsk-File-1 = {YnBsaXN0MDDSAQIDBFxyZWxhdGl2ZVBhdGhZYWxpYXNEYXRhXxAyLi4vLi4vLi4vLi4vLi4vLi4vLi4vVm9sdW1lcy9MaXRlcmF0dXIvQmlCVGVYL01vb2RPEQEqAAAAAAEqAAIAAQlMaXRlcmF0dXIAAAAAAAAAAAAAAAAAAAAAAADU3h+pSCsAAAAAANgETW9vZAAAAAAAAAAAAAAAAAAAAAAAAAAAAAAAAAAAAAAAAAAAAAAAAAAAAAAAAAAAAAAAAAAAAAAAAAAAAAAAAAAtddbudmkAAAAAAAAAAP////8AAAkAAAAAAAAAAAAAAAAAAAAABkJpQlRlWAAQAAgAANTeEZkAAAARAAgAANbuWkkAAAABAAQAAADYAAIAFkxpdGVyYXR1cjpCaUJUZVg6AE1vb2QADgAKAAQATQBvAG8AZAAPABQACQBMAGkAdABlAHIAYQB0AHUAcgASAAwvQmlCVGVYL01vb2QAEwASL1ZvbHVtZXMvTGl0ZXJhdHVy//8AAAAIAA0AGgAkAFkAAAAAAAACAQAAAAAAAAAFAAAAAAAAAAAAAAAAAAABhw==}}

@article{Portner1997,
	Author = {Paul Portner},
	Date-Added = {2019-04-25 14:09:16 +0200},
	Date-Modified = {2019-04-25 14:09:16 +0200},
	Doi = {10.1023/A:1008280630142},
	Journal = {Natural Language Semantics},
	Keywords = {complement clauses, mood, modality, conversational force, English, Italian},
	Number = {2},
	Pages = {167-212},
	Title = {The semantics of mood, complementation, and conversational force},
	Volume = {5},
	Year = {1997},
	Bdsk-File-1 = {YnBsaXN0MDDSAQIDBFxyZWxhdGl2ZVBhdGhZYWxpYXNEYXRhXxBwLi4vLi4vLi4vLi4vLi4vLi4vLi4vVm9sdW1lcy9MaXRlcmF0dXIvQmlCVGVYL1RoZSBzZW1hbnRpY3Mgb2YgbW9vZCBjb21wbGVtZW50YXRpb24gYW5kIGNvbnZlcnNhdGlvbmFsIGZvcmNlLnBkZk8RAgAAAAAAAgAAAgAACUxpdGVyYXR1cgAAAAAAAAAAAAAAAAAAAAAAANTeH6lIKwAAAAAA2B9UaGUgc2VtYW50aWNzIG9mIG1vb2QgYyMxMjUucGRmAAAAAAAAAAAAAAAAAAAAAAAAAAAAAAAAAAAAAAAAAAAAAAEl1HX6tFBERiBDQVJP/////wAACQAAAAAAAAAAAAAAAAAAAAAGQmlCVGVYABAACAAA1N4RmQAAABEACAAA1HXspAAAAAEABAAAANgAAgAxTGl0ZXJhdHVyOkJpQlRlWDoAVGhlIHNlbWFudGljcyBvZiBtb29kIGMjMTI1LnBkZgAADgCGAEIAVABoAGUAIABzAGUAbQBhAG4AdABpAGMAcwAgAG8AZgAgAG0AbwBvAGQAIABjAG8AbQBwAGwAZQBtAGUAbgB0AGEAdABpAG8AbgAgAGEAbgBkACAAYwBvAG4AdgBlAHIAcwBhAHQAaQBvAG4AYQBsACAAZgBvAHIAYwBlAC4AcABkAGYADwAUAAkATABpAHQAZQByAGEAdAB1AHIAEgBKL0JpQlRlWC9UaGUgc2VtYW50aWNzIG9mIG1vb2QgY29tcGxlbWVudGF0aW9uIGFuZCBjb252ZXJzYXRpb25hbCBmb3JjZS5wZGYAEwASL1ZvbHVtZXMvTGl0ZXJhdHVy//8AAAAIAA0AGgAkAJcAAAAAAAACAQAAAAAAAAAFAAAAAAAAAAAAAAAAAAACmw==}}

@phdthesis{Sode2014,
	Author = {Frank Sode},
	Date-Added = {2019-04-25 13:59:55 +0200},
	Date-Modified = {2019-04-25 15:05:31 +0200},
	Keywords = {German, mood, Konjunktiv, indirect speech, mood, logophoricity, logophoric mood, perspective, semantics, pragmatics},
	School = {Humboldt-Universit{\"a}t zu Berlin},
	Title = {{Z}ur {S}emantik und {P}ragmatik der {I}ndirektheit im {D}eutschen},
	Year = {2014}}

@incollection{Reis1997,
	Author = {Marga Reis},
	Booktitle = {{S}prache im {F}okus. {F}estschrift f{\"u}r {H}einz {V}ater zum 65. {G}eburtstag},
	Date-Added = {2019-04-25 13:48:46 +0200},
	Date-Modified = {2019-04-25 13:48:46 +0200},
	Editor = {Christa D{\"u}rscheid und Heinz Vater},
	Keywords = {German, embedded clause, argument clause, verb second, integration},
	Pages = {121-144},
	Publisher = {T{\"u}bingen: Max Niemeyer},
	Title = {{Z}um syntaktischen {S}tatus unselbst{\"a}ndiger {V}erbzweit-{S}{\"a}tze},
	Year = {1997},
	Bdsk-File-1 = {YnBsaXN0MDDSAQIDBFxyZWxhdGl2ZVBhdGhZYWxpYXNEYXRhbxBsAC4ALgAvAC4ALgAvAC4ALgAvAC4ALgAvAC4ALgAvAC4ALgAvAC4ALgAvAFYAbwBsAHUAbQBlAHMALwBMAGkAdABlAHIAYQB0AHUAcgAvAEIAaQBCAFQAZQBYAC8AWgB1AG0AIABzAHkAbgB0AGEAawB0AGkAcwBjAGgAZQBuACAAUwB0AGEAdAB1AHMAIAB1AG4AcwBlAGwAYgBzAHQAYQMIAG4AZABpAGcAZQByACAAVgBlAHIAYgB6AHcAZQBpAHQALQBTAGEDCAB0AHoAZQAuAHAAZABmTxEB9gAAAAAB9gACAAAJTGl0ZXJhdHVyAAAAAAAAAAAAAAAAAAAAAAAA1N4fqUgrAAAAAADYH1p1bSBzeW50YWt0aXNjaGVuIFN0YXQjNEI3Mi5wZGYAAAAAAAAAAAAAAAAAAAAAAAAAAAAAAAAAAAAAAAAAAAAAS3LYJ3WbAAAAAAAAAAD/////AAAJAAAAAAAAAAAAAAAAAAAAAAZCaUJUZVgAEAAIAADU3hGZAAAAEQAIAADYJ2eLAAAAAQAEAAAA2AACADFMaXRlcmF0dXI6QmlCVGVYOgBadW0gc3ludGFrdGlzY2hlbiBTdGF0IzRCNzIucGRmAAAOAH4APgBaAHUAbQAgAHMAeQBuAHQAYQBrAHQAaQBzAGMAaABlAG4AIABTAHQAYQB0AHUAcwAgAHUAbgBzAGUAbABiAHMAdABhAwgAbgBkAGkAZwBlAHIAIABWAGUAcgBiAHoAdwBlAGkAdAAtAFMAYQMIAHQAegBlAC4AcABkAGYADwAUAAkATABpAHQAZQByAGEAdAB1AHIAEgBIL0JpQlRlWC9adW0gc3ludGFrdGlzY2hlbiBTdGF0dXMgdW5zZWxic3RhzIhuZGlnZXIgVmVyYnp3ZWl0LVNhzIh0emUucGRmABMAEi9Wb2x1bWVzL0xpdGVyYXR1cv//AAAACAANABoAJAD/AAAAAAAAAgEAAAAAAAAABQAAAAAAAAAAAAAAAAAAAvk=}}

@article{Truckenbrodt2006,
	Author = {Hubert Truckenbrodt},
	Date-Added = {2019-04-24 23:07:10 +0200},
	Date-Modified = {2019-04-25 14:57:51 +0200},
	Doi = {10.1515/TL.2006.018},
	Journal = {Theoretical Linguistics},
	Keywords = {German, V-to-C movement, illocutionary force},
	Number = {3},
	Pages = {257-306},
	Title = {{O}n the semantic motivation of syntactic verb movement to {C} in {G}erman},
	Volume = {32},
	Year = {2006},
	Bdsk-File-1 = {YnBsaXN0MDDSAQIDBFxyZWxhdGl2ZVBhdGhZYWxpYXNEYXRhXxB2Li4vLi4vLi4vLi4vLi4vLi4vLi4vVm9sdW1lcy9MaXRlcmF0dXIvQmlCVGVYL09uIHRoZSBzZW1hbnRpYyBtb3RpdmF0aW9uIG9mIHN5bnRhY3RpYyB2ZXJiIG1vdmVtZW50IHRvIEMgaW4gR2VybWFuLnBkZk8RAhIAAAAAAhIAAgAACUxpdGVyYXR1cgAAAAAAAAAAAAAAAAAAAAAAANTeH6lIKwAAAAAA2B9PbiB0aGUgc2VtYW50aWMgbW90aXZhIzVBOUUucGRmAAAAAAAAAAAAAAAAAAAAAAAAAAAAAAAAAAAAAAAAAAAAAFqe2OaayAAAAAAAAAAA/////wAACQAAAAAAAAAAAAAAAAAAAAAGQmlCVGVYABAACAAA1N4RmQAAABEACAAA2OZ+qAAAAAEABAAAANgAAgAxTGl0ZXJhdHVyOkJpQlRlWDoAT24gdGhlIHNlbWFudGljIG1vdGl2YSM1QTlFLnBkZgAADgCSAEgATwBuACAAdABoAGUAIABzAGUAbQBhAG4AdABpAGMAIABtAG8AdABpAHYAYQB0AGkAbwBuACAAbwBmACAAcwB5AG4AdABhAGMAdABpAGMAIAB2AGUAcgBiACAAbQBvAHYAZQBtAGUAbgB0ACAAdABvACAAQwAgAGkAbgAgAEcAZQByAG0AYQBuAC4AcABkAGYADwAUAAkATABpAHQAZQByAGEAdAB1AHIAEgBQL0JpQlRlWC9PbiB0aGUgc2VtYW50aWMgbW90aXZhdGlvbiBvZiBzeW50YWN0aWMgdmVyYiBtb3ZlbWVudCB0byBDIGluIEdlcm1hbi5wZGYAEwASL1ZvbHVtZXMvTGl0ZXJhdHVy//8AAAAIAA0AGgAkAJ0AAAAAAAACAQAAAAAAAAAFAAAAAAAAAAAAAAAAAAACsw==}}

@incollection{Tomic2000,
	Author = {Olga Mi{\v s}eska Tomi{\'c}},
	Booktitle = {{C}litic {P}henomena in {E}uropean {L}anguages},
	Date-Added = {2019-04-24 21:47:36 +0200},
	Date-Modified = {2019-04-24 21:47:36 +0200},
	Doi = {10.1075/la.30.12mis},
	Editor = {Frits Beukema and Marcel den Dikken},
	Keywords = {Macedonian, clitic, illocutionary force},
	Number = {30},
	Pages = {293-316},
	Publisher = {Amsterdam: John Benjamins},
	Series = {Linguistik Aktuell/Linguistics Today},
	Title = {{O}n clitic sites},
	Year = {2000},
	Bdsk-File-1 = {YnBsaXN0MDDSAQIDBFxyZWxhdGl2ZVBhdGhZYWxpYXNEYXRhXxBBLi4vLi4vLi4vLi4vLi4vLi4vLi4vVm9sdW1lcy9MaXRlcmF0dXIvQmlCVGVYL09uIGNsaXRpYyBzaXRlcy5wZGZPEQFoAAAAAAFoAAIAAAlMaXRlcmF0dXIAAAAAAAAAAAAAAAAAAAAAAADU3h+pSCsAAAAAANgTT24gY2xpdGljIHNpdGVzLnBkZgAAAAAAAAAAAAAAAAAAAAAAAAAAAAAAAAAAAAAAAAAAAAAAAAAAAAAAAAAAAABakdjmiY0AAAAAAAAAAP////8AAAkAAAAAAAAAAAAAAAAAAAAABkJpQlRlWAAQAAgAANTeEZkAAAARAAgAANjmbW0AAAABAAQAAADYAAIAJUxpdGVyYXR1cjpCaUJUZVg6AE9uIGNsaXRpYyBzaXRlcy5wZGYAAA4AKAATAE8AbgAgAGMAbABpAHQAaQBjACAAcwBpAHQAZQBzAC4AcABkAGYADwAUAAkATABpAHQAZQByAGEAdAB1AHIAEgAbL0JpQlRlWC9PbiBjbGl0aWMgc2l0ZXMucGRmAAATABIvVm9sdW1lcy9MaXRlcmF0dXL//wAAAAgADQAaACQAaAAAAAAAAAIBAAAAAAAAAAUAAAAAAAAAAAAAAAAAAAHU}}

@article{Tomic2001,
	Author = {Olga Mi{\v s}eska Tomi{\'c}},
	Date-Added = {2019-04-24 21:47:36 +0200},
	Date-Modified = {2019-04-24 21:47:36 +0200},
	Doi = {10.1023/A:1010775327330},
	Journal = {Natural Language and Linguistic Theory},
	Number = {3},
	Pages = {647-682},
	Title = {{T}he {M}acedonian negation operator and cliticization},
	Volume = {19},
	Year = {2001},
	Bdsk-File-1 = {YnBsaXN0MDDSAQIDBFxyZWxhdGl2ZVBhdGhZYWxpYXNEYXRhXxBkLi4vLi4vLi4vLi4vLi4vLi4vLi4vVm9sdW1lcy9MaXRlcmF0dXIvQmlCVGVYL1RoZSBNYWNlZG9uaWFuIG5lZ2F0aW9uIG9wZXJhdG9yIGFuZCBjbGl0aWNpemF0aW9uLnBkZk8RAdwAAAAAAdwAAgAACUxpdGVyYXR1cgAAAAAAAAAAAAAAAAAAAAAAANTeH6lIKwAAAAAA2B9UaGUgTWFjZWRvbmlhbiBuZWdhdGlvIzVBOEEucGRmAAAAAAAAAAAAAAAAAAAAAAAAAAAAAAAAAAAAAAAAAAAAAFqK2OaIBgAAAAAAAAAA/////wAACQAAAAAAAAAAAAAAAAAAAAAGQmlCVGVYABAACAAA1N4RmQAAABEACAAA2OZr5gAAAAEABAAAANgAAgAxTGl0ZXJhdHVyOkJpQlRlWDoAVGhlIE1hY2Vkb25pYW4gbmVnYXRpbyM1QThBLnBkZgAADgBuADYAVABoAGUAIABNAGEAYwBlAGQAbwBuAGkAYQBuACAAbgBlAGcAYQB0AGkAbwBuACAAbwBwAGUAcgBhAHQAbwByACAAYQBuAGQAIABjAGwAaQB0AGkAYwBpAHoAYQB0AGkAbwBuAC4AcABkAGYADwAUAAkATABpAHQAZQByAGEAdAB1AHIAEgA+L0JpQlRlWC9UaGUgTWFjZWRvbmlhbiBuZWdhdGlvbiBvcGVyYXRvciBhbmQgY2xpdGljaXphdGlvbi5wZGYAEwASL1ZvbHVtZXMvTGl0ZXJhdHVy//8AAAAIAA0AGgAkAIsAAAAAAAACAQAAAAAAAAAFAAAAAAAAAAAAAAAAAAACaw==}}

@incollection{Willis2000,
	Author = {David Willis},
	Booktitle = {{D}iachronic {S}yntax: {M}odels and {M}echanisms},
	Date-Added = {2019-04-24 17:18:34 +0200},
	Date-Modified = {2019-04-24 17:18:34 +0200},
	Editor = {Susan Pintzuk and George Tsoulas and Anthony Warner},
	Keywords = {conditional clause, adverbial clause, adjunct clause, verb movement, Slavic languages, Old Church Slavonic},
	Pages = {322-348},
	Publisher = {Oxford: Oxford University Press},
	Title = {{V}erb movement in {S}lavonic conditionals},
	Year = {2000},
	Bdsk-File-1 = {YnBsaXN0MDDSAQIDBFxyZWxhdGl2ZVBhdGhZYWxpYXNEYXRhXxBYLi4vLi4vLi4vLi4vLi4vLi4vLi4vVm9sdW1lcy9MaXRlcmF0dXIvQmlCVGVYL1ZlcmIgbW92ZW1lbnQgaW4gU2xhdm9uaWMgY29uZGl0aW9uYWxzLnBkZk8RAbgAAAAAAbgAAgAACUxpdGVyYXR1cgAAAAAAAAAAAAAAAAAAAAAAANTeH6lIKwAAAAAA2B9WZXJiIG1vdmVtZW50IGluIFNsYXZvIzVBNTMucGRmAAAAAAAAAAAAAAAAAAAAAAAAAAAAAAAAAAAAAAAAAAAAAFpT2OYSVgAAAAAAAAAA/////wAACQAAAAAAAAAAAAAAAAAAAAAGQmlCVGVYABAACAAA1N4RmQAAABEACAAA2OX2NgAAAAEABAAAANgAAgAxTGl0ZXJhdHVyOkJpQlRlWDoAVmVyYiBtb3ZlbWVudCBpbiBTbGF2byM1QTUzLnBkZgAADgBWACoAVgBlAHIAYgAgAG0AbwB2AGUAbQBlAG4AdAAgAGkAbgAgAFMAbABhAHYAbwBuAGkAYwAgAGMAbwBuAGQAaQB0AGkAbwBuAGEAbABzAC4AcABkAGYADwAUAAkATABpAHQAZQByAGEAdAB1AHIAEgAyL0JpQlRlWC9WZXJiIG1vdmVtZW50IGluIFNsYXZvbmljIGNvbmRpdGlvbmFscy5wZGYAEwASL1ZvbHVtZXMvTGl0ZXJhdHVy//8AAAAIAA0AGgAkAH8AAAAAAAACAQAAAAAAAAAFAAAAAAAAAAAAAAAAAAACOw==}}

@article{Migdalski2009,
	Author = {Krzysztof Migdalski},
	Date-Added = {2019-04-24 16:16:57 +0200},
	Date-Modified = {2019-04-24 16:16:57 +0200},
	Doi = {10.1016/j.lingua.2008.05.005},
	Journal = {Lingua},
	Keywords = {verb second, second position clitics},
	Number = {2},
	Pages = {329-353},
	Title = {{O}n the relation between {V}2 and the second position cliticization},
	Volume = {120},
	Year = {2010},
	Bdsk-File-1 = {YnBsaXN0MDDSAQIDBFxyZWxhdGl2ZVBhdGhZYWxpYXNEYXRhXxByLi4vLi4vLi4vLi4vLi4vLi4vLi4vVm9sdW1lcy9MaXRlcmF0dXIvQmlCVGVYL09uIHRoZSByZWxhdGlvbiBiZXR3ZWVuIFYyIGFuZCB0aGUgc2Vjb25kIHBvc2l0aW9uIGNsaXRpY2l6YXRpb24ucGRmTxECBgAAAAACBgACAAAJTGl0ZXJhdHVyAAAAAAAAAAAAAAAAAAAAAAAA1N4fqUgrAAAAAADYH09uIHRoZSByZWxhdGlvbiBiZXR3ZWUjNUE2QS5wZGYAAAAAAAAAAAAAAAAAAAAAAAAAAAAAAAAAAAAAAAAAAAAAWmrY5jvUAAAAAAAAAAD/////AAAJAAAAAAAAAAAAAAAAAAAAAAZCaUJUZVgAEAAIAADU3hGZAAAAEQAIAADY5h+0AAAAAQAEAAAA2AACADFMaXRlcmF0dXI6QmlCVGVYOgBPbiB0aGUgcmVsYXRpb24gYmV0d2VlIzVBNkEucGRmAAAOAIoARABPAG4AIAB0AGgAZQAgAHIAZQBsAGEAdABpAG8AbgAgAGIAZQB0AHcAZQBlAG4AIABWADIAIABhAG4AZAAgAHQAaABlACAAcwBlAGMAbwBuAGQAIABwAG8AcwBpAHQAaQBvAG4AIABjAGwAaQB0AGkAYwBpAHoAYQB0AGkAbwBuAC4AcABkAGYADwAUAAkATABpAHQAZQByAGEAdAB1AHIAEgBML0JpQlRlWC9PbiB0aGUgcmVsYXRpb24gYmV0d2VlbiBWMiBhbmQgdGhlIHNlY29uZCBwb3NpdGlvbiBjbGl0aWNpemF0aW9uLnBkZgATABIvVm9sdW1lcy9MaXRlcmF0dXL//wAAAAgADQAaACQAmQAAAAAAAAIBAAAAAAAAAAUAAAAAAAAAAAAAAAAAAAKj},
	Bdsk-File-2 = {YnBsaXN0MDDSAQIDBFxyZWxhdGl2ZVBhdGhZYWxpYXNEYXRhXxBuLi4vLi4vLi4vLi4vLi4vLi4vLi4vVm9sdW1lcy9MaXRlcmF0dXIvQmlCVGVYL09uIHRoZSByZWxhdGlvbiBiZXR3ZWVuIFYyIGFuZCB0aGUgdmVyYiBzZWNvbmQgY2xpdGljaXphdGlvbi5wZGZPEQH6AAAAAAH6AAIAAAlMaXRlcmF0dXIAAAAAAAAAAAAAAAAAAAAAAADU3h+pSCsAAAAAANgfT24gdGhlIHJlbGF0aW9uIGJldHdlZW4gI0Y2LnBkZgAAAAAAAAAAAAAAAAAAAAAAAAAAAAAAAAAAAAAAAAAAAAAA9tQOBSxQREYgQ0FST/////8AAAkAAAAAAAAAAAAAAAAAAAAABkJpQlRlWAAQAAgAANTeEZkAAAARAAgAANQN6QwAAAABAAQAAADYAAIAMUxpdGVyYXR1cjpCaUJUZVg6AE9uIHRoZSByZWxhdGlvbiBiZXR3ZWVuICNGNi5wZGYAAA4AggBAAE8AbgAgAHQAaABlACAAcgBlAGwAYQB0AGkAbwBuACAAYgBlAHQAdwBlAGUAbgAgAFYAMgAgAGEAbgBkACAAdABoAGUAIAB2AGUAcgBiACAAcwBlAGMAbwBuAGQAIABjAGwAaQB0AGkAYwBpAHoAYQB0AGkAbwBuAC4AcABkAGYADwAUAAkATABpAHQAZQByAGEAdAB1AHIAEgBIL0JpQlRlWC9PbiB0aGUgcmVsYXRpb24gYmV0d2VlbiBWMiBhbmQgdGhlIHZlcmIgc2Vjb25kIGNsaXRpY2l6YXRpb24ucGRmABMAEi9Wb2x1bWVzL0xpdGVyYXR1cv//AAAACAANABoAJACVAAAAAAAAAgEAAAAAAAAABQAAAAAAAAAAAAAAAAAAApM=}}

@book{Migdalski2016,
	Author = {Krzysztof Migdalski},
	Date-Added = {2019-04-24 16:16:57 +0200},
	Date-Modified = {2019-04-24 16:16:57 +0200},
	Keywords = {second position, clitic, verb movement, V-to-C movement, Germanic, Slavic},
	Publisher = {Wroc{\l}aw: Wydawnictwo Uniwersytetu Wroc{\l}awskiego},
	Title = {{S}econd {P}osition {E}ffects in the {S}yntax of {G}ermanic and {S}lavic {L}anguages},
	Year = {2016}}

@phdthesis{Migdalski2006,
	Author = {Krzysztof Migdalski},
	Date-Added = {2019-04-24 16:16:57 +0200},
	Date-Modified = {2019-04-24 16:16:57 +0200},
	Keywords = {tense, aspect, Slavic, Slavic languages, Old Church Slavonic, Polish, Bulgarian, Serbo-Croatian},
	School = {Universiteit van Tilburg},
	Title = {{T}he {S}yntax of {C}ompound {T}enses in {S}lavic},
	Year = {2006},
	Bdsk-File-1 = {YnBsaXN0MDDSAQIDBFxyZWxhdGl2ZVBhdGhZYWxpYXNEYXRhXxBZLi4vLi4vLi4vLi4vLi4vLi4vLi4vVm9sdW1lcy9MaXRlcmF0dXIvQmlCVGVYL1RoZSBTeW50YXggb2YgQ29tcG91bmQgVGVuc2VzIGluIFNsYXZpYy5wZGZPEQG8AAAAAAG8AAIAAAlMaXRlcmF0dXIAAAAAAAAAAAAAAAAAAAAAAADU3h+pSCsAAAAAANgfVGhlIFN5bnRheCBvZiBDb21wb3VuZCMyNEY5LnBkZgAAAAAAAAAAAAAAAAAAAAAAAAAAAAAAAAAAAAAAAAAAAAAk+c22vLIAAAAAAAAAAP////8AAAkAAAAAAAAAAAAAAAAAAAAABkJpQlRlWAAQAAgAANTeEZkAAAARAAgAAM22oJIAAAABAAQAAADYAAIAMUxpdGVyYXR1cjpCaUJUZVg6AFRoZSBTeW50YXggb2YgQ29tcG91bmQjMjRGOS5wZGYAAA4AWAArAFQAaABlACAAUwB5AG4AdABhAHgAIABvAGYAIABDAG8AbQBwAG8AdQBuAGQAIABUAGUAbgBzAGUAcwAgAGkAbgAgAFMAbABhAHYAaQBjAC4AcABkAGYADwAUAAkATABpAHQAZQByAGEAdAB1AHIAEgAzL0JpQlRlWC9UaGUgU3ludGF4IG9mIENvbXBvdW5kIFRlbnNlcyBpbiBTbGF2aWMucGRmAAATABIvVm9sdW1lcy9MaXRlcmF0dXL//wAAAAgADQAaACQAgAAAAAAAAAIBAAAAAAAAAAUAAAAAAAAAAAAAAAAAAAJA}}

@incollection{Tomaszewicz2012,
	Author = {Barbara Tomaszewicz},
	Booktitle = {{M}ain {C}lause {P}henomena. {N}ew {H}orizons},
	Date-Added = {2019-04-24 16:16:33 +0200},
	Date-Modified = {2019-04-24 16:16:33 +0200},
	Doi = {10.1075/la.190.11tom},
	Editor = {Lobke Aelbrecht and Liliane Haegeman and Rachel Nye},
	Keywords = {adverbial clause, Polish, subjuncitve, intervention effect, main clause phenomena},
	Number = {190},
	Pages = {257-277},
	Publisher = {Amsterdam: John Benjamins},
	Series = {Linguistik Aktuell/Linguistics Today},
	Title = {{T}he syntactic position of {Polish} \emph{by} and {M}ain {C}lause {P}henomena},
	Year = {2012},
	Bdsk-File-1 = {YnBsaXN0MDDSAQIDBFxyZWxhdGl2ZVBhdGhZYWxpYXNEYXRhXxBvLi4vLi4vLi4vLi4vLi4vLi4vLi4vVm9sdW1lcy9MaXRlcmF0dXIvQmlCVGVYL1RoZSBzeW50YWN0aWMgcG9zaXRpb24gb2YgUG9saXNoIGJ5IGFuZCBNYWluIENsYXVzZSBQaGVub21lbmEucGRmTxEB/gAAAAAB/gACAAAJTGl0ZXJhdHVyAAAAAAAAAAAAAAAAAAAAAAAA1N4fqUgrAAAAAADYH1RoZSBzeW50YWN0aWMgcG9zaXRpb24jMUFFRS5wZGYAAAAAAAAAAAAAAAAAAAAAAAAAAAAAAAAAAAAAAAAAAAAAGu7WZVWnAAAAAAAAAAD/////AAAJAAAAAAAAAAAAAAAAAAAAAAZCaUJUZVgAEAAIAADU3hGZAAAAEQAIAADWZUeXAAAAAQAEAAAA2AACADFMaXRlcmF0dXI6QmlCVGVYOgBUaGUgc3ludGFjdGljIHBvc2l0aW9uIzFBRUUucGRmAAAOAIQAQQBUAGgAZQAgAHMAeQBuAHQAYQBjAHQAaQBjACAAcABvAHMAaQB0AGkAbwBuACAAbwBmACAAUABvAGwAaQBzAGgAIABiAHkAIABhAG4AZAAgAE0AYQBpAG4AIABDAGwAYQB1AHMAZQAgAFAAaABlAG4AbwBtAGUAbgBhAC4AcABkAGYADwAUAAkATABpAHQAZQByAGEAdAB1AHIAEgBJL0JpQlRlWC9UaGUgc3ludGFjdGljIHBvc2l0aW9uIG9mIFBvbGlzaCBieSBhbmQgTWFpbiBDbGF1c2UgUGhlbm9tZW5hLnBkZgAAEwASL1ZvbHVtZXMvTGl0ZXJhdHVy//8AAAAIAA0AGgAkAJYAAAAAAAACAQAAAAAAAAAFAAAAAAAAAAAAAAAAAAACmA==},
	Bdsk-File-2 = {YnBsaXN0MDDSAQIDBFxyZWxhdGl2ZVBhdGhZYWxpYXNEYXRhXxBLLi4vLi4vLi4vLi4vLi4vLi4vLi4vVm9sdW1lcy9MaXRlcmF0dXIvQmlCVGVYL1RvbWFzemV3aWN6ICgyMDEyKV9ub3Rlcy5kb2N4TxEBkAAAAAABkAACAAAJTGl0ZXJhdHVyAAAAAAAAAAAAAAAAAAAAAAAA1N4fqUgrAAAAAADYHVRvbWFzemV3aWN6ICgyMDEyKV9ub3Rlcy5kb2N4AAAAAAAAAAAAAAAAAAAAAAAAAAAAAAAAAAAAAAAAAAAAAAAAWkjY5NzFV1hCTk1TV0T/////AAAJAAAAAAAAAAAAAAAAAAAAAAZCaUJUZVgAEAAIAADU3hGZAAAAEQAIAADY5MClAAAAAQAEAAAA2AACAC9MaXRlcmF0dXI6QmlCVGVYOgBUb21hc3pld2ljeiAoMjAxMilfbm90ZXMuZG9jeAAADgA8AB0AVABvAG0AYQBzAHoAZQB3AGkAYwB6ACAAKAAyADAAMQAyACkAXwBuAG8AdABlAHMALgBkAG8AYwB4AA8AFAAJAEwAaQB0AGUAcgBhAHQAdQByABIAJS9CaUJUZVgvVG9tYXN6ZXdpY3ogKDIwMTIpX25vdGVzLmRvY3gAABMAEi9Wb2x1bWVzL0xpdGVyYXR1cv//AAAACAANABoAJAByAAAAAAAAAgEAAAAAAAAABQAAAAAAAAAAAAAAAAAAAgY=}}

@article{Schenner2007,
	Author = {Matthias Schenner},
	Date-Added = {2019-04-09 23:13:21 +0200},
	Date-Modified = {2019-04-09 23:13:21 +0200},
	Journal = {{P}roceedings of {L}ing{O} 2007},
	Keywords = {evidentiality, German, evidential concord},
	Pages = {204-211},
	Title = {{S}emantic complexity of evidentials: {S}ome typological parameters},
	Year = {2007}}

@incollection{Wiemer2015,
	Author = {Bj{\"o}rn Wiemer},
	Booktitle = {{S}tudies on {E}videntiality {M}arking in {W}est and {S}outh {S}lavic},
	Date-Added = {2019-04-08 22:10:18 +0200},
	Date-Modified = {2019-04-08 22:10:18 +0200},
	Editor = {Bj{\"o}rn Wiemer},
	Keywords = {Polish, evidentiality},
	Number = {183},
	Pages = {217-302},
	Publisher = {Frankfurt am Main: Peter Lang},
	Series = {Specimina philologiae {S}lavicae},
	Title = {{A}n outline of the development of {P}olish \emph{jakoby} in 14th-16th century documents (based on dictionaries)},
	Year = {2015}}

@article{Wiemer-Socka2017a,
	Author = {Bj{\"o}rn Wiemer and Anna Socka},
	Date-Added = {2019-04-08 22:02:45 +0200},
	Date-Modified = {2019-04-08 22:02:45 +0200},
	Doi = {10.4467/23005920SPL.17.004.7022},
	Journal = {Studies in Polish Linguistics},
	Keywords = {Polish, German, evidentiality, sentence adverb, Generalized Conversational Implicature},
	Number = {2},
	Pages = {75-95},
	Title = {{H}ow much does pragmatics help to contrast the meaning of hearsay adverbs? ({P}art 2)},
	Volume = {12},
	Year = {2017},
	Bdsk-File-1 = {YnBsaXN0MDDSAQIDBFxyZWxhdGl2ZVBhdGhZYWxpYXNEYXRhXxCDLi4vLi4vLi4vLi4vLi4vLi4vLi4vVm9sdW1lcy9MaXRlcmF0dXIvQmlCVGVYL0hvdyBtdWNoIGRvZXMgcHJhZ21hdGljcyBoZWxwIHRvIGNvbnRyYXN0IHRoZSBtZWFuaW5nIG9mIGhlYXJzYXkgYWR2ZXJicz8gKFBhcnQyKS5wZGZPEQI6AAAAAAI6AAIAAAlMaXRlcmF0dXIAAAAAAAAAAAAAAAAAAAAAAADU3h+pSCsAAAAAANgfSG93IG11Y2ggZG9lcyBwcmFnbWF0aSM1OTEzLnBkZgAAAAAAAAAAAAAAAAAAAAAAAAAAAAAAAAAAAAAAAAAAAABZE9jRdJdQREYgQ0FST/////8AAAkAAAAAAAAAAAAAAAAAAAAABkJpQlRlWAAQAAgAANTeEZkAAAARAAgAANjRWHcAAAABAAQAAADYAAIAMUxpdGVyYXR1cjpCaUJUZVg6AEhvdyBtdWNoIGRvZXMgcHJhZ21hdGkjNTkxMy5wZGYAAA4ArABVAEgAbwB3ACAAbQB1AGMAaAAgAGQAbwBlAHMAIABwAHIAYQBnAG0AYQB0AGkAYwBzACAAaABlAGwAcAAgAHQAbwAgAGMAbwBuAHQAcgBhAHMAdAAgAHQAaABlACAAbQBlAGEAbgBpAG4AZwAgAG8AZgAgAGgAZQBhAHIAcwBhAHkAIABhAGQAdgBlAHIAYgBzAD8AIAAoAFAAYQByAHQAMgApAC4AcABkAGYADwAUAAkATABpAHQAZQByAGEAdAB1AHIAEgBdL0JpQlRlWC9Ib3cgbXVjaCBkb2VzIHByYWdtYXRpY3MgaGVscCB0byBjb250cmFzdCB0aGUgbWVhbmluZyBvZiBoZWFyc2F5IGFkdmVyYnM/IChQYXJ0MikucGRmAAATABIvVm9sdW1lcy9MaXRlcmF0dXL//wAAAAgADQAaACQAqgAAAAAAAAIBAAAAAAAAAAUAAAAAAAAAAAAAAAAAAALo}}

@article{Wiemer-Socka2017,
	Author = {Bj{\"o}rn Wiemer and Anna Socka},
	Date-Added = {2019-04-08 21:56:02 +0200},
	Date-Modified = {2019-04-08 21:56:02 +0200},
	Doi = {10.4467/23005920SPL.17.002.6729},
	Journal = {Studies in Polish Linguistics},
	Keywords = {Polish, German, reportive evidentiality, evidentiality, sentence adverb, Generalized Conversational Implicature, inferred meaning},
	Number = {1},
	Pages = {27-56},
	Title = {{H}ow much does pragmatics help to contrast the meaning of hearsay adverbs? ({P}art 1)},
	Volume = {12},
	Year = {2017},
	Bdsk-File-1 = {YnBsaXN0MDDSAQIDBFxyZWxhdGl2ZVBhdGhZYWxpYXNEYXRhXxB7Li4vLi4vLi4vLi4vLi4vLi4vLi4vVm9sdW1lcy9MaXRlcmF0dXIvQmlCVGVYL0hvdyBtdWNoIGRvZXMgcHJhZ21hdGljcyBoZWxwIHRvIGNvbnRyYXN0IHRoZSBtZWFuaW5nIG9mIGhlYXJzYXkgYWR2ZXJicz8ucGRmTxECIgAAAAACIgACAAAJTGl0ZXJhdHVyAAAAAAAAAAAAAAAAAAAAAAAA1N4fqUgrAAAAAADYH0hvdyBtdWNoIGRvZXMgcHJhZ21hdGkjNTkwRC5wZGYAAAAAAAAAAAAAAAAAAAAAAAAAAAAAAAAAAAAAAAAAAAAAWQ3Y0XLWAAAAAAAAAAD/////AAAJAAAAAAAAAAAAAAAAAAAAAAZCaUJUZVgAEAAIAADU3hGZAAAAEQAIAADY0Va2AAAAAQAEAAAA2AACADFMaXRlcmF0dXI6QmlCVGVYOgBIb3cgbXVjaCBkb2VzIHByYWdtYXRpIzU5MEQucGRmAAAOAJwATQBIAG8AdwAgAG0AdQBjAGgAIABkAG8AZQBzACAAcAByAGEAZwBtAGEAdABpAGMAcwAgAGgAZQBsAHAAIAB0AG8AIABjAG8AbgB0AHIAYQBzAHQAIAB0AGgAZQAgAG0AZQBhAG4AaQBuAGcAIABvAGYAIABoAGUAYQByAHMAYQB5ACAAYQBkAHYAZQByAGIAcwA/AC4AcABkAGYADwAUAAkATABpAHQAZQByAGEAdAB1AHIAEgBVL0JpQlRlWC9Ib3cgbXVjaCBkb2VzIHByYWdtYXRpY3MgaGVscCB0byBjb250cmFzdCB0aGUgbWVhbmluZyBvZiBoZWFyc2F5IGFkdmVyYnM/LnBkZgAAEwASL1ZvbHVtZXMvTGl0ZXJhdHVy//8AAAAIAA0AGgAkAKIAAAAAAAACAQAAAAAAAAAFAAAAAAAAAAAAAAAAAAACyA==}}

@incollection{Socka2010,
	Author = {Anna Socka},
	Booktitle = {{M}odalit{\"a}t / {T}emporalit{\"a}t in kontrastiver und typologischer {S}icht},
	Date-Added = {2019-04-08 15:49:32 +0200},
	Date-Modified = {2019-04-08 15:49:32 +0200},
	Editor = {Andrzej K{\k a}tny and Anna Socka},
	Keywords = {German, Polish, evidentiality, contrastive linguistics},
	Number = {30},
	Pages = {239-264},
	Publisher = {Frankfurt am Main: Peter Lang},
	Series = {Danziger Beitr{\"a}ge zur Germanistik},
	Title = {{R}eportative {P}artikeln in kontrastiver {S}icht ({P}olnisch -- {D}eutsch)},
	Year = {2010}}

@incollection{Stepien2008,
	Author = {Marzena St\k{e}pie{\'n}},
	Booktitle = {{L}exikalische {E}videntialit{\"a}ts-{M}arker in slavischen {S}prachen},
	Date-Added = {2019-04-08 15:34:52 +0200},
	Date-Modified = {2019-04-08 15:36:43 +0200},
	Editor = {Bj{\"o}rn Wiemer and Vladimir Plungian},
	Keywords = {evidentiality, modality, Polish, epistemic modality},
	Number = {72},
	Pages = {313-333},
	Publisher = {M{\"u}nchen: Otto Sagner},
	Series = {Wiener Slavistischer Almanach},
	Title = {{O} wzajemnym przenikaniu si{\k e} ewidencjalno{\'s}ci i modalno{\'s}ci (na przyk{\l}adzie wybranych czasownik{\'o}w i wyra{\.z}e{\'n} funkcyjnych) [`{O}n interactions between evidentiality and modality (based on selected verbs and functional expressions']},
	Year = {2008}}

@incollection{Zabowska2008,
	Author = {Magdalena {\.Z}abowska},
	Booktitle = {{L}exikalische {E}videntialit{\"a}ts-{M}arker in slavischen {S}prachen},
	Date-Added = {2019-04-08 15:26:51 +0200},
	Date-Modified = {2019-04-08 15:26:51 +0200},
	Editor = {Bj{\"o}rn Wiemer and Vladimir Plungian},
	Keywords = {Polish, evidentiality, epistemic modality, modality},
	Number = {72},
	Pages = {377-393},
	Publisher = {M{\"u}nchen: Otto Sagner},
	Series = {Wiener Slavistischer Almanach},
	Title = {{P}olskie wyra{\.z}enia ewidecjalne a partyku{\l}y epistemiczne [`{P}olish expressions of evidentiality and epistemic particles']},
	Year = {2008}}

@incollection{Jedrzejowski2012,
	Author = {{\L}ukasz J\k{e}drzejowski},
	Booktitle = {{M}odality and {T}heory of {M}ind {E}lements across {L}anguages},
	Date-Added = {2019-04-08 15:16:29 +0200},
	Date-Modified = {2019-04-08 15:16:29 +0200},
	Doi = {10.1515/9783110271072.425},
	Editor = {Werner Abraham and Elisabeth Leiss},
	Keywords = {German, Polish, modality, modal verb, modal adverb},
	Number = {243},
	Pages = {425-452},
	Publisher = {Berlin: de Gruyter},
	Series = {Trends in Linguistics. Studies and Monographs},
	Title = {{W}hat is it that keeps the rein on quotative modals so tight? {A} cross-linguistic perspective},
	Year = {2012},
	Bdsk-File-1 = {YnBsaXN0MDDSAQIDBFxyZWxhdGl2ZVBhdGhZYWxpYXNEYXRhXxBuLi4vLi4vLi4vLi4vLi4vLi4vLi4vVm9sdW1lcy9MaXRlcmF0dXIvQmlCVGVYL1doYXQgaXMgaXQgdGhhdCBrZWVwcyB0aGUgcmVpbiBvbiBxdW90YXRpdmUgbW9kYWxzIHNvIHRpZ2h0Py5wZGZPEQH6AAAAAAH6AAIAAAlMaXRlcmF0dXIAAAAAAAAAAAAAAAAAAAAAAADU3h+pSCsAAAAAANgfV2hhdCBpcyBpdCB0aGF0IGtlZXBzICM0NTlFLnBkZgAAAAAAAAAAAAAAAAAAAAAAAAAAAAAAAAAAAAAAAAAAAABFntfgKQYAAAAAAAAAAP////8AAAkAAAAAAAAAAAAAAAAAAAAABkJpQlRlWAAQAAgAANTeEZkAAAARAAgAANfgDOYAAAABAAQAAADYAAIAMUxpdGVyYXR1cjpCaUJUZVg6AFdoYXQgaXMgaXQgdGhhdCBrZWVwcyAjNDU5RS5wZGYAAA4AggBAAFcAaABhAHQAIABpAHMAIABpAHQAIAB0AGgAYQB0ACAAawBlAGUAcABzACAAdABoAGUAIAByAGUAaQBuACAAbwBuACAAcQB1AG8AdABhAHQAaQB2AGUAIABtAG8AZABhAGwAcwAgAHMAbwAgAHQAaQBnAGgAdAA/AC4AcABkAGYADwAUAAkATABpAHQAZQByAGEAdAB1AHIAEgBIL0JpQlRlWC9XaGF0IGlzIGl0IHRoYXQga2VlcHMgdGhlIHJlaW4gb24gcXVvdGF0aXZlIG1vZGFscyBzbyB0aWdodD8ucGRmABMAEi9Wb2x1bWVzL0xpdGVyYXR1cv//AAAACAANABoAJACVAAAAAAAAAgEAAAAAAAAABQAAAAAAAAAAAAAAAAAAApM=}}

@article{Lazard2001,
	Author = {Gilbert Lazard},
	Date-Added = {2018-08-30 11:02:46 +0200},
	Date-Modified = {2018-08-30 11:02:46 +0200},
	Doi = {10.1016/S0378-2166(00)00008-4},
	Journal = {{J}ournal of {P}ragmatics},
	Keywords = {comparison, evidentiality, grammaticalization, mediativity, mediative, typology},
	Number = {3},
	Pages = {359-367},
	Title = {{O}n the grammaticalization of evidentiality},
	Volume = {33},
	Year = {2001},
	Bdsk-File-1 = {YnBsaXN0MDDSAQIDBFxyZWxhdGl2ZVBhdGhZYWxpYXNEYXRhXxBcLi4vLi4vLi4vLi4vLi4vLi4vLi4vVm9sdW1lcy9MaXRlcmF0dXIvQmlCVGVYL09uIHRoZSBncmFtbWF0aWNhbGl6YXRpb24gb2YgZXZpZGVudGlhbGl0eS5wZGZPEQHEAAAAAAHEAAIAAAlMaXRlcmF0dXIAAAAAAAAAAAAAAAAAAAAAAADU3h+pSCsAAAAAANgfT24gdGhlIGdyYW1tYXRpY2FsaXphdCMzRUVCLnBkZgAAAAAAAAAAAAAAAAAAAAAAAAAAAAAAAAAAAAAAAAAAAAA+69etfswAAAAAAAAAAP////8AAAkAAAAAAAAAAAAAAAAAAAAABkJpQlRlWAAQAAgAANTeEZkAAAARAAgAANetYqwAAAABAAQAAADYAAIAMUxpdGVyYXR1cjpCaUJUZVg6AE9uIHRoZSBncmFtbWF0aWNhbGl6YXQjM0VFQi5wZGYAAA4AXgAuAE8AbgAgAHQAaABlACAAZwByAGEAbQBtAGEAdABpAGMAYQBsAGkAegBhAHQAaQBvAG4AIABvAGYAIABlAHYAaQBkAGUAbgB0AGkAYQBsAGkAdAB5AC4AcABkAGYADwAUAAkATABpAHQAZQByAGEAdAB1AHIAEgA2L0JpQlRlWC9PbiB0aGUgZ3JhbW1hdGljYWxpemF0aW9uIG9mIGV2aWRlbnRpYWxpdHkucGRmABMAEi9Wb2x1bWVzL0xpdGVyYXR1cv//AAAACAANABoAJACDAAAAAAAAAgEAAAAAAAAABQAAAAAAAAAAAAAAAAAAAks=}}

@article{Curnow2002,
	Author = {Timothy Jowan Curnow},
	Date-Added = {2018-08-30 10:40:50 +0200},
	Date-Modified = {2018-08-30 10:40:50 +0200},
	Journal = {Anthropological Linguistics},
	Keywords = {evidentiality, first person, constraints},
	Number = {2},
	Pages = {178-196},
	Title = {{T}ypes of interaction between evidentials and first-person subjects},
	Volume = {44},
	Year = {2002},
	Bdsk-File-1 = {YnBsaXN0MDDSAQIDBFxyZWxhdGl2ZVBhdGhZYWxpYXNEYXRhXxB0Li4vLi4vLi4vLi4vLi4vLi4vLi4vVm9sdW1lcy9MaXRlcmF0dXIvQmlCVGVYL1R5cGVzIG9mIGludGVyYWN0aW9uIGJldHdlZW4gZXZpZGVudGlhbHMgYW5kIGZpcnN0LXBlcnNvbiBzdWJqZWN0cy5wZGZPEQIMAAAAAAIMAAIAAAlMaXRlcmF0dXIAAAAAAAAAAAAAAAAAAAAAAADU3h+pSCsAAAAAANgfVHlwZXMgb2YgaW50ZXJhY3Rpb24gYiMzRUUzLnBkZgAAAAAAAAAAAAAAAAAAAAAAAAAAAAAAAAAAAAAAAAAAAAA+49eteVYAAAAAAAAAAP////8AAAkAAAAAAAAAAAAAAAAAAAAABkJpQlRlWAAQAAgAANTeEZkAAAARAAgAANetXTYAAAABAAQAAADYAAIAMUxpdGVyYXR1cjpCaUJUZVg6AFR5cGVzIG9mIGludGVyYWN0aW9uIGIjM0VFMy5wZGYAAA4AjgBGAFQAeQBwAGUAcwAgAG8AZgAgAGkAbgB0AGUAcgBhAGMAdABpAG8AbgAgAGIAZQB0AHcAZQBlAG4AIABlAHYAaQBkAGUAbgB0AGkAYQBsAHMAIABhAG4AZAAgAGYAaQByAHMAdAAtAHAAZQByAHMAbwBuACAAcwB1AGIAagBlAGMAdABzAC4AcABkAGYADwAUAAkATABpAHQAZQByAGEAdAB1AHIAEgBOL0JpQlRlWC9UeXBlcyBvZiBpbnRlcmFjdGlvbiBiZXR3ZWVuIGV2aWRlbnRpYWxzIGFuZCBmaXJzdC1wZXJzb24gc3ViamVjdHMucGRmABMAEi9Wb2x1bWVzL0xpdGVyYXR1cv//AAAACAANABoAJACbAAAAAAAAAgEAAAAAAAAABQAAAAAAAAAAAAAAAAAAAqs=}}

@article{Haan1999,
	Author = {Ferdinand de Haan},
	Date-Added = {2018-08-29 17:25:06 +0200},
	Date-Modified = {2018-08-29 17:25:06 +0200},
	Journal = {Southwest Journal of Linguistics},
	Keywords = {evidentiality, epistemic modality, modality},
	Number = {1},
	Pages = {83-101},
	Title = {{E}videntiality and epistemic modality: {S}etting boundaries},
	Volume = {18},
	Year = {1999}}

@article{Willis2007,
	Author = {David Willis},
	Date-Added = {2018-08-29 17:16:25 +0200},
	Date-Modified = {2018-08-29 17:16:25 +0200},
	Doi = {10.1111/j.1467-968X.2007.00194.x},
	Journal = {Transactions of the Philological Society},
	Keywords = {reanalysis, specifier, head, grammaticalization, Welsh, cross-linguistic},
	Number = {3},
	Pages = {432-480},
	Title = {{S}pecifier-to-head reanalyses in the complementizer domain: {E}vidence from {W}elsh},
	Volume = {105},
	Year = {2007},
	Bdsk-Url-1 = {https://doi.org/10.1111/j.1467-968X.2007.00194.x}}

@article{AnderBois2014,
	Author = {Scott AnderBois},
	Date-Added = {2018-08-29 16:51:17 +0200},
	Date-Modified = {2018-08-29 16:51:17 +0200},
	Doi = {10.3765/salt.v24i0.2424},
	Journal = {Proceedings of {SALT}},
	Keywords = {evidentiality, reportative evidentials, reportativity, perspective shift, assertion},
	Pages = {234-254},
	Title = {{O}n the exceptional status of reportative evidentials},
	Volume = {24},
	Year = {2014},
	Bdsk-File-1 = {YnBsaXN0MDDSAQIDBFxyZWxhdGl2ZVBhdGhZYWxpYXNEYXRhXxBmLi4vLi4vLi4vLi4vLi4vLi4vLi4vVm9sdW1lcy9MaXRlcmF0dXIvQmlCVGVYL09uIHRoZSBleGNlcHRpb25hbCBzdGF0dXMgb2YgcmVwb3J0YXRpdmUgZXZpZGVudGlhbHMucGRmTxEB4gAAAAAB4gACAAAJTGl0ZXJhdHVyAAAAAAAAAAAAAAAAAAAAAAAA1N4fqUgrAAAAAADYH09uIHRoZSBleGNlcHRpb25hbCBzdGEjM0VDQS5wZGYAAAAAAAAAAAAAAAAAAAAAAAAAAAAAAAAAAAAAAAAAAAAAPsrXrH7rUERGIENBUk//////AAAJAAAAAAAAAAAAAAAAAAAAAAZCaUJUZVgAEAAIAADU3hGZAAAAEQAIAADXrGLLAAAAAQAEAAAA2AACADFMaXRlcmF0dXI6QmlCVGVYOgBPbiB0aGUgZXhjZXB0aW9uYWwgc3RhIzNFQ0EucGRmAAAOAHIAOABPAG4AIAB0AGgAZQAgAGUAeABjAGUAcAB0AGkAbwBuAGEAbAAgAHMAdABhAHQAdQBzACAAbwBmACAAcgBlAHAAbwByAHQAYQB0AGkAdgBlACAAZQB2AGkAZABlAG4AdABpAGEAbABzAC4AcABkAGYADwAUAAkATABpAHQAZQByAGEAdAB1AHIAEgBAL0JpQlRlWC9PbiB0aGUgZXhjZXB0aW9uYWwgc3RhdHVzIG9mIHJlcG9ydGF0aXZlIGV2aWRlbnRpYWxzLnBkZgATABIvVm9sdW1lcy9MaXRlcmF0dXL//wAAAAgADQAaACQAjQAAAAAAAAIBAAAAAAAAAAUAAAAAAAAAAAAAAAAAAAJz}}

@incollection{Aikhenvald2011,
	Author = {Alexandra Y. Aikhenvald},
	Booktitle = {{T}he {O}xford {H}andbook of {G}rammaticalization},
	Date-Added = {2018-08-29 16:37:35 +0200},
	Date-Modified = {2018-08-29 16:41:19 +0200},
	Doi = {10.1093/oxfordhb/9780199586783.013.0049},
	Editor = {Bernd Heine and Heiko Narrog},
	Keywords = {grammaticalization, evidentiality, diachrony, verbal category, lexical item},
	Pages = {602-610},
	Publisher = {Oxford: Oxford University Press},
	Title = {{T}he grammaticalization of evidentiality},
	Year = {2011},
	Bdsk-File-1 = {YnBsaXN0MDDSAQIDBFxyZWxhdGl2ZVBhdGhZYWxpYXNEYXRhXxBZLi4vLi4vLi4vLi4vLi4vLi4vLi4vVm9sdW1lcy9MaXRlcmF0dXIvQmlCVGVYL1RoZSBncmFtbWF0aWNhbGl6YXRpb24gb2YgZXZpZGVudGlhbGl0eS5wZGZPEQG8AAAAAAG8AAIAAAlMaXRlcmF0dXIAAAAAAAAAAAAAAAAAAAAAAADU3h+pSCsAAAAAANgfVGhlIGdyYW1tYXRpY2FsaXphdGlvbiMzRUMwLnBkZgAAAAAAAAAAAAAAAAAAAAAAAAAAAAAAAAAAAAAAAAAAAAA+wNesfUcAAAAAAAAAAP////8AAAkAAAAAAAAAAAAAAAAAAAAABkJpQlRlWAAQAAgAANTeEZkAAAARAAgAANesYScAAAABAAQAAADYAAIAMUxpdGVyYXR1cjpCaUJUZVg6AFRoZSBncmFtbWF0aWNhbGl6YXRpb24jM0VDMC5wZGYAAA4AWAArAFQAaABlACAAZwByAGEAbQBtAGEAdABpAGMAYQBsAGkAegBhAHQAaQBvAG4AIABvAGYAIABlAHYAaQBkAGUAbgB0AGkAYQBsAGkAdAB5AC4AcABkAGYADwAUAAkATABpAHQAZQByAGEAdAB1AHIAEgAzL0JpQlRlWC9UaGUgZ3JhbW1hdGljYWxpemF0aW9uIG9mIGV2aWRlbnRpYWxpdHkucGRmAAATABIvVm9sdW1lcy9MaXRlcmF0dXL//wAAAAgADQAaACQAgAAAAAAAAAIBAAAAAAAAAAUAAAAAAAAAAAAAAAAAAAJA}}

@incollection{Doring2013,
	Author = {Sophia D{\"o}ring},
	Booktitle = {{B}eyond {E}xpressives: {E}xplorations in {U}se-{C}onditional {M}eaning},
	Date-Added = {2018-08-27 22:34:55 +0200},
	Date-Modified = {2018-08-27 22:34:55 +0200},
	Doi = {10.1163/9789004183988_004},
	Editor = {Daniel Gutzmann and Hans-Martin G{\"a}rtner},
	Keywords = {context shift, German modal particles, modality, discourse particle},
	Number = {28},
	Pages = {95-123},
	Publisher = {Leiden and Boston: Brill},
	Series = {Current Reseach in the Semantics / Pragmatics Interface},
	Title = {{M}odal particles and context shift},
	Year = {2013},
	Bdsk-Url-1 = {https://doi.org/10.1163/9789004183988_004}}

@incollection{Jalava2017,
	Author = {Lotta Jalava},
	Booktitle = {{T}he {G}rammaticalization of {T}ense, {A}spect, {M}odality and {E}videntiality: {A} {F}unctional {P}erspective},
	Date-Added = {2018-08-27 21:02:15 +0200},
	Date-Modified = {2018-08-27 21:02:15 +0200},
	Doi = {10.1515/9783110519389-006},
	Editor = {Kees Hengeveld and Heiko Narrog and Hella Olbertz},
	Keywords = {Tundra Nenets, finitization, participle, insubordination, reanalysis, evidentiality, modality, grammaticalization},
	Number = {311},
	Pages = {133-162},
	Publisher = {Berlin: de Gruyter},
	Series = {Trends in Linguistics. Studies and Monographs},
	Title = {{G}rammaticalization of modality and evidentiality in {T}undra {N}enets},
	Year = {2017},
	Bdsk-File-1 = {YnBsaXN0MDDSAQIDBFxyZWxhdGl2ZVBhdGhZYWxpYXNEYXRhXxBzLi4vLi4vLi4vLi4vLi4vLi4vLi4vVm9sdW1lcy9MaXRlcmF0dXIvQmlCVGVYL0dyYW1tYXRpY2FsaXphdGlvbiBvZiBtb2RhbGl0eSBhbmQgZXZpZGVudGlhbGl0eSBpbiBUdW5kcmEgTmVuZXRzLnBkZk8RAgoAAAAAAgoAAgAACUxpdGVyYXR1cgAAAAAAAAAAAAAAAAAAAAAAANTeH6lIKwAAAAAA2B9HcmFtbWF0aWNhbGl6YXRpb24gb2YgIzNFN0EucGRmAAAAAAAAAAAAAAAAAAAAAAAAAAAAAAAAAAAAAAAAAAAAAD5616oWjgAAAAAAAAAA/////wAACQAAAAAAAAAAAAAAAAAAAAAGQmlCVGVYABAACAAA1N4RmQAAABEACAAA16n6bgAAAAEABAAAANgAAgAxTGl0ZXJhdHVyOkJpQlRlWDoAR3JhbW1hdGljYWxpemF0aW9uIG9mICMzRTdBLnBkZgAADgCMAEUARwByAGEAbQBtAGEAdABpAGMAYQBsAGkAegBhAHQAaQBvAG4AIABvAGYAIABtAG8AZABhAGwAaQB0AHkAIABhAG4AZAAgAGUAdgBpAGQAZQBuAHQAaQBhAGwAaQB0AHkAIABpAG4AIABUAHUAbgBkAHIAYQAgAE4AZQBuAGUAdABzAC4AcABkAGYADwAUAAkATABpAHQAZQByAGEAdAB1AHIAEgBNL0JpQlRlWC9HcmFtbWF0aWNhbGl6YXRpb24gb2YgbW9kYWxpdHkgYW5kIGV2aWRlbnRpYWxpdHkgaW4gVHVuZHJhIE5lbmV0cy5wZGYAABMAEi9Wb2x1bWVzL0xpdGVyYXR1cv//AAAACAANABoAJACaAAAAAAAAAgEAAAAAAAAABQAAAAAAAAAAAAAAAAAAAqg=}}

@incollection{Friedman2018,
	Author = {Victor Friedman},
	Booktitle = {{T}he {O}xford {H}andbook of {E}videntiality},
	Date-Added = {2018-08-27 20:22:02 +0200},
	Date-Modified = {2018-08-27 20:22:02 +0200},
	Doi = {10.1093/oxfordhb/9780198759515.013.6},
	Editor = {Alexandra Y. Aikhenvald},
	Keywords = {transmission, diffusion, Euroasian continent, Turkic, Mongolic, copying, calquing, internal elaboration, Native America},
	Pages = {124-147},
	Publisher = {Oxford: Oxford University Press},
	Title = {{W}here do evidentials come from?},
	Year = {2018},
	Bdsk-File-1 = {YnBsaXN0MDDSAQIDBFxyZWxhdGl2ZVBhdGhZYWxpYXNEYXRhXxBRLi4vLi4vLi4vLi4vLi4vLi4vLi4vVm9sdW1lcy9MaXRlcmF0dXIvQmlCVGVYL1doZXJlIGRvIGV2aWRlbnRpYWxzIGNvbWUgZnJvbT8ucGRmTxEBpAAAAAABpAACAAAJTGl0ZXJhdHVyAAAAAAAAAAAAAAAAAAAAAAAA1N4fqUgrAAAAAADYH1doZXJlIGRvIGV2aWRlbnRpYWxzIGMjM0U2OS5wZGYAAAAAAAAAAAAAAAAAAAAAAAAAAAAAAAAAAAAAAAAAAAAAPmnXqgxxAAAAAAAAAAD/////AAAJAAAAAAAAAAAAAAAAAAAAAAZCaUJUZVgAEAAIAADU3hGZAAAAEQAIAADXqfBRAAAAAQAEAAAA2AACADFMaXRlcmF0dXI6QmlCVGVYOgBXaGVyZSBkbyBldmlkZW50aWFscyBjIzNFNjkucGRmAAAOAEgAIwBXAGgAZQByAGUAIABkAG8AIABlAHYAaQBkAGUAbgB0AGkAYQBsAHMAIABjAG8AbQBlACAAZgByAG8AbQA/AC4AcABkAGYADwAUAAkATABpAHQAZQByAGEAdAB1AHIAEgArL0JpQlRlWC9XaGVyZSBkbyBldmlkZW50aWFscyBjb21lIGZyb20/LnBkZgAAEwASL1ZvbHVtZXMvTGl0ZXJhdHVy//8AAAAIAA0AGgAkAHgAAAAAAAACAQAAAAAAAAAFAAAAAAAAAAAAAAAAAAACIA==},
	Bdsk-File-2 = {YnBsaXN0MDDSAQIDBFxyZWxhdGl2ZVBhdGhZYWxpYXNEYXRhXxBfLi4vLi4vLi4vLi4vLi4vLi4vLi4vVm9sdW1lcy9MaXRlcmF0dXIvQmlCVGVYL094Zm9yZCBIYW5kYm9vayBvZiBFdmlkZW50aWFsaXR5IC0gUmVmZXJlbmNlcy5wZGZPEQHOAAAAAAHOAAIAAAlMaXRlcmF0dXIAAAAAAAAAAAAAAAAAAAAAAADU3h+pSCsAAAAAANgfT3hmb3JkIEhhbmRib29rIG9mIEV2aSMzRTZFLnBkZgAAAAAAAAAAAAAAAAAAAAAAAAAAAAAAAAAAAAAAAAAAAAA+bteqDagAAAAAAAAAAP////8AAAkAAAAAAAAAAAAAAAAAAAAABkJpQlRlWAAQAAgAANTeEZkAAAARAAgAANep8YgAAAABAAQAAADYAAIAMUxpdGVyYXR1cjpCaUJUZVg6AE94Zm9yZCBIYW5kYm9vayBvZiBFdmkjM0U2RS5wZGYAAA4AZAAxAE8AeABmAG8AcgBkACAASABhAG4AZABiAG8AbwBrACAAbwBmACAARQB2AGkAZABlAG4AdABpAGEAbABpAHQAeQAgAC0AIABSAGUAZgBlAHIAZQBuAGMAZQBzAC4AcABkAGYADwAUAAkATABpAHQAZQByAGEAdAB1AHIAEgA5L0JpQlRlWC9PeGZvcmQgSGFuZGJvb2sgb2YgRXZpZGVudGlhbGl0eSAtIFJlZmVyZW5jZXMucGRmAAATABIvVm9sdW1lcy9MaXRlcmF0dXL//wAAAAgADQAaACQAhgAAAAAAAAIBAAAAAAAAAAUAAAAAAAAAAAAAAAAAAAJY}}

@article{Willett1988,
	Author = {Thomas Willett},
	Date-Added = {2018-08-27 20:02:05 +0200},
	Date-Modified = {2018-08-27 20:07:07 +0200},
	Doi = {10.1075/sl.12.1.04wil},
	Journal = {Studies in Language},
	Keywords = {evidentiality, grammaticalization, typology},
	Number = {1},
	Pages = {51-97},
	Title = {{A} cross-linguistic survey of the grammaticalization of evidentiality},
	Volume = {12},
	Year = {1988},
	Bdsk-Url-1 = {https://doi.org/10.1075/sl.12.1.04wil}}

@book{Aikhenvald2004,
	Author = {Alexandra Y. Aikhenvald},
	Date-Added = {2018-08-27 20:01:52 +0200},
	Date-Modified = {2018-08-27 20:01:52 +0200},
	Keywords = {evidentiality},
	Publisher = {Oxford: Oxford University Press},
	Title = {{E}videntiality},
	Year = {2004},
	Bdsk-File-1 = {YnBsaXN0MDDSAQIDBFxyZWxhdGl2ZVBhdGhZYWxpYXNEYXRhXxA/Li4vLi4vLi4vLi4vLi4vLi4vLi4vVm9sdW1lcy9MaXRlcmF0dXIvQmlCVGVYL0V2aWRlbnRpYWxpdHkucGRmTxEBYAAAAAABYAACAAAJTGl0ZXJhdHVyAAAAAAAAAAAAAAAAAAAAAAAA1N4fqUgrAAAAAADYEUV2aWRlbnRpYWxpdHkucGRmAAAAAAAAAAAAAAAAAAAAAAAAAAAAAAAAAAAAAAAAAAAAAAAAAAAAAAAAAAAAAAAAEXbVdI+VAAAAAAAAAAD/////AAAJAAAAAAAAAAAAAAAAAAAAAAZCaUJUZVgAEAAIAADU3hGZAAAAEQAIAADVdHN1AAAAAQAEAAAA2AACACNMaXRlcmF0dXI6QmlCVGVYOgBFdmlkZW50aWFsaXR5LnBkZgAADgAkABEARQB2AGkAZABlAG4AdABpAGEAbABpAHQAeQAuAHAAZABmAA8AFAAJAEwAaQB0AGUAcgBhAHQAdQByABIAGS9CaUJUZVgvRXZpZGVudGlhbGl0eS5wZGYAABMAEi9Wb2x1bWVzL0xpdGVyYXR1cv//AAAACAANABoAJABmAAAAAAAAAgEAAAAAAAAABQAAAAAAAAAAAAAAAAAAAco=}}

@book{ojasiewicz1992,
	Author = {Anna {\L}ojasiewicz},
	Date-Added = {2018-08-24 13:30:09 +0200},
	Date-Modified = {2018-08-24 13:30:09 +0200},
	Keywords = {Polish, syntax, conjunction, subordination},
	Publisher = {Warszawa: Wydawnictwa Uniwersytetu Warszawskiego},
	Title = {{W}{\l}asno{\'s}ci sk{\l}adniowe polskich sp{\'o}jnik{\'o}w [`{S}yntactic {P}roperties of {P}olish {C}onjunctions']},
	Year = {1992}}

@article{Shanon1980,
	Author = {Benny Shanon},
	Date-Added = {2018-08-24 11:36:16 +0200},
	Date-Modified = {2018-08-24 11:36:16 +0200},
	Doi = {10.1016/0378-2166(80)90070-3},
	Journal = {{J}ournal of {P}ragmatics},
	Keywords = {dreaming, dream report},
	Number = {5},
	Pages = {449-459},
	Title = {{D}reaming and dream reports},
	Volume = {4},
	Year = {1980},
	Bdsk-File-1 = {YnBsaXN0MDDSAQIDBFxyZWxhdGl2ZVBhdGhZYWxpYXNEYXRhXxBMLi4vLi4vLi4vLi4vLi4vLi4vLi4vVm9sdW1lcy9MaXRlcmF0dXIvQmlCVGVYL0RyZWFtaW5nIGFuZCBkcmVhbSByZXBvcnRzLnBkZk8RAZIAAAAAAZIAAgAACUxpdGVyYXR1cgAAAAAAAAAAAAAAAAAAAAAAANTeH6lIKwAAAAAA2B5EcmVhbWluZyBhbmQgZHJlYW0gcmVwb3J0cy5wZGYAAAAAAAAAAAAAAAAAAAAAAAAAAAAAAAAAAAAAAAAAAAAAAD5C16WbjgAAAAAAAAAA/////wAACQAAAAAAAAAAAAAAAAAAAAAGQmlCVGVYABAACAAA1N4RmQAAABEACAAA16V/bgAAAAEABAAAANgAAgAwTGl0ZXJhdHVyOkJpQlRlWDoARHJlYW1pbmcgYW5kIGRyZWFtIHJlcG9ydHMucGRmAA4APgAeAEQAcgBlAGEAbQBpAG4AZwAgAGEAbgBkACAAZAByAGUAYQBtACAAcgBlAHAAbwByAHQAcwAuAHAAZABmAA8AFAAJAEwAaQB0AGUAcgBhAHQAdQByABIAJi9CaUJUZVgvRHJlYW1pbmcgYW5kIGRyZWFtIHJlcG9ydHMucGRmABMAEi9Wb2x1bWVzL0xpdGVyYXR1cv//AAAACAANABoAJABzAAAAAAAAAgEAAAAAAAAABQAAAAAAAAAAAAAAAAAAAgk=}}

@mastersthesis{Kauf2017,
	Author = {Carina Kauf},
	Date-Added = {2018-08-24 11:34:52 +0200},
	Date-Modified = {2018-08-24 11:34:52 +0200},
	Keywords = {counterfactuals, conditionals},
	Month = {Mai},
	School = {Georg-August-Universit{\"a}t G{\"o}ttingen},
	Title = {{C}ounterfactuals and ({C}ounter-){Identity}. {T}he {I}dentity {C}risis of "{I}f {I} {W}ere {Y}ou"},
	Year = {2017},
	Bdsk-File-1 = {YnBsaXN0MDDSAQIDBFxyZWxhdGl2ZVBhdGhZYWxpYXNEYXRhXxBYLi4vLi4vLi4vLi4vLi4vLi4vLi4vVm9sdW1lcy9MaXRlcmF0dXIvQmlCVGVYL0NvdW50ZXJmYWN0dWFscyBhbmQgKENvdW50ZXItKUlkZW50aXR5LnBkZk8RAbgAAAAAAbgAAgAACUxpdGVyYXR1cgAAAAAAAAAAAAAAAAAAAAAAANTeH6lIKwAAAAAA2B9Db3VudGVyZmFjdHVhbHMgYW5kIChDIzE1QjUucGRmAAAAAAAAAAAAAAAAAAAAAAAAAAAAAAAAAAAAAAAAAAAAABW11j3mClBERiBDQVJP/////wAACQAAAAAAAAAAAAAAAAAAAAAGQmlCVGVYABAACAAA1N4RmQAAABEACAAA1j3X+gAAAAEABAAAANgAAgAxTGl0ZXJhdHVyOkJpQlRlWDoAQ291bnRlcmZhY3R1YWxzIGFuZCAoQyMxNUI1LnBkZgAADgBWACoAQwBvAHUAbgB0AGUAcgBmAGEAYwB0AHUAYQBsAHMAIABhAG4AZAAgACgAQwBvAHUAbgB0AGUAcgAtACkASQBkAGUAbgB0AGkAdAB5AC4AcABkAGYADwAUAAkATABpAHQAZQByAGEAdAB1AHIAEgAyL0JpQlRlWC9Db3VudGVyZmFjdHVhbHMgYW5kIChDb3VudGVyLSlJZGVudGl0eS5wZGYAEwASL1ZvbHVtZXMvTGl0ZXJhdHVy//8AAAAIAA0AGgAkAH8AAAAAAAACAQAAAAAAAAAFAAAAAAAAAAAAAAAAAAACOw==}}

@inproceedings{Percus-Sauerland2003,
	Author = {Orin Percus and Uli Sauerland},
	Booktitle = {{NELS} 33: {P}roceedings of the {T}hirty-{T}hird {A}nnual {M}eeting of the {N}orth {E}ast {L}inguistic {S}ociety, {M}assachusetts {I}nstitute of {T}echnology, {N}ovember 8-10, 2002},
	Date-Added = {2018-08-24 11:33:57 +0200},
	Date-Modified = {2018-08-24 13:38:59 +0200},
	Editor = {Makoto Kadowaki and Shigeto Kawahara},
	Keywords = {dreaming, dream report, pronoun, pronoun interpretation, semantics},
	Pages = {265-284},
	Publisher = {Amherst, University of Massachusetts: GLSA Publications},
	Title = {{P}ronoun movement in dream reports},
	Year = {2003}}

@incollection{Wiemer2005,
	Author = {Bj{\"o}rn Wiemer},
	Booktitle = {Modality in {S}lavonic {L}anguages. {N}ew {P}erspectives},
	Date-Added = {2018-08-23 23:34:03 +0200},
	Date-Modified = {2018-08-23 23:55:05 +0200},
	Editor = {Bj{\"o}rn Hansen and Petr Karl{\'\i}k},
	Keywords = {evidentiality, Polish, Slavic languages},
	Pages = {107-131},
	Publisher = {M{\"u}nchen: Otto Sagner},
	Series = {Slavolinguistica},
	Title = {Conceptual affinities and diachronic relationships between epistemic, inferential and quotative functions (preliminary observations on lexical markers in {R}ussian, {P}olish, and {L}ithuanian)},
	Volume = {6},
	Year = {2005}}

@book{Taborek2008,
	Author = {Janusz Taborek},
	Date-Added = {2018-08-23 22:53:12 +0200},
	Date-Modified = {2018-08-23 22:53:12 +0200},
	Keywords = {subject clauses, German, Polish},
	Number = {21},
	Publisher = {Frankfurt am Main: Peter Lang},
	Series = {Posener {B}eitr{\"a}ge zur {G}ermanistik},
	Title = {Subjekts{\"a}tze im {D}eutschen und {P}olnischen. {S}yntaktisches {L}exikon und {S}ubklassifizierung der {V}erben},
	Year = {2008}}

@book{Walczak1999,
	Author = {Bogdan Walczak},
	Date-Added = {2018-08-23 21:52:15 +0200},
	Date-Modified = {2019-04-08 15:29:48 +0200},
	Keywords = {Polish, history of Polish, diachrony, language change, periodization, grammar description},
	Publisher = {Wroc{\l}aw: Wydawnictwo Uniwersytetu Wroc{\l}awskiego},
	Title = {{Z}arys dziej{\'o}w j{\k e}zyka polskiego \emph{[}`{A}n {O}utline of the {H}istory of {P}olish {G}rammar'\emph{]}},
	Year = {1999}}

@article{Dziubalska-Koaczyk-Walczak2010,
	Author = {Katarzyna Dziubalska-Ko{\l}aczyk and Bogdan Walczak},
	Date-Added = {2018-08-23 21:40:19 +0200},
	Date-Modified = {2018-08-23 21:40:19 +0200},
	Doi = {10.3406/rbph.2010.7805},
	Journal = {Revue belge de philologie et d'histoire},
	Keywords = {Polish, history of Polish, periodization},
	Number = {3},
	Pages = {817-840},
	Title = {{P}olish},
	Volume = {88},
	Year = {2010},
	Bdsk-File-1 = {YnBsaXN0MDDSAQIDBFxyZWxhdGl2ZVBhdGhZYWxpYXNEYXRhXxA4Li4vLi4vLi4vLi4vLi4vLi4vLi4vVm9sdW1lcy9MaXRlcmF0dXIvQmlCVGVYL1BvbGlzaC5wZGZPEQFCAAAAAAFCAAIAAAlMaXRlcmF0dXIAAAAAAAAAAAAAAAAAAAAAAADU3h+pSCsAAAAAANgKUG9saXNoLnBkZgAAAAAAAAAAAAAAAAAAAAAAAAAAAAAAAAAAAAAAAAAAAAAAAAAAAAAAAAAAAAAAAAAAAAAAAAA+Ftek2YEAAAAAAAAAAP////8AAAkAAAAAAAAAAAAAAAAAAAAABkJpQlRlWAAQAAgAANTeEZkAAAARAAgAANekvWEAAAABAAQAAADYAAIAHExpdGVyYXR1cjpCaUJUZVg6AFBvbGlzaC5wZGYADgAWAAoAUABvAGwAaQBzAGgALgBwAGQAZgAPABQACQBMAGkAdABlAHIAYQB0AHUAcgASABIvQmlCVGVYL1BvbGlzaC5wZGYAEwASL1ZvbHVtZXMvTGl0ZXJhdHVy//8AAAAIAA0AGgAkAF8AAAAAAAACAQAAAAAAAAAFAAAAAAAAAAAAAAAAAAABpQ==}}

@book{Klemensiewicz2009,
	Author = {Zenon Klemensiewicz},
	Date-Added = {2018-08-23 18:28:52 +0200},
	Date-Modified = {2018-08-23 18:30:49 +0200},
	Keywords = {Polish},
	Publisher = {Warszawa: Wydawnictwo Naukowe PWN},
	Title = {{H}istoria {J}\k{e}zyka Polskiego [`{T}he {H}istory of {P}olish']},
	Year = {2009}}

@book{Murray2017,
	Author = {Sarah E. Murray},
	Date-Added = {2018-08-22 23:28:46 +0200},
	Date-Modified = {2018-08-22 23:28:46 +0200},
	Keywords = {evidentiality, semantics},
	Number = {9},
	Publisher = {Oxford: Oxford University Press},
	Series = {Oxford Studies in Semantics and Pragmatics},
	Title = {The {S}emantics of {E}videntials},
	Year = {2017},
	Bdsk-File-1 = {YnBsaXN0MDDSAQIDBFxyZWxhdGl2ZVBhdGhZYWxpYXNEYXRhXxBOLi4vLi4vLi4vLi4vLi4vLi4vLi4vVm9sdW1lcy9MaXRlcmF0dXIvQmlCVGVYL1RoZSBTZW1hbnRpY3Mgb2YgRXZpZGVudGlhbHMucGRmTxEBmgAAAAABmgACAAAJTGl0ZXJhdHVyAAAAAAAAAAAAAAAAAAAAAAAA1N4fqUgrAAAAAADYH1RoZSBTZW1hbnRpY3Mgb2YgRXZpZGUjMTE3Mi5wZGYAAAAAAAAAAAAAAAAAAAAAAAAAAAAAAAAAAAAAAAAAAAAAEXLVNfTcAAAAAAAAAAD/////AAAJAAAAAAAAAAAAAAAAAAAAAAZCaUJUZVgAEAAIAADU3hGZAAAAEQAIAADVNdi8AAAAAQAEAAAA2AACADFMaXRlcmF0dXI6QmlCVGVYOgBUaGUgU2VtYW50aWNzIG9mIEV2aWRlIzExNzIucGRmAAAOAEIAIABUAGgAZQAgAFMAZQBtAGEAbgB0AGkAYwBzACAAbwBmACAARQB2AGkAZABlAG4AdABpAGEAbABzAC4AcABkAGYADwAUAAkATABpAHQAZQByAGEAdAB1AHIAEgAoL0JpQlRlWC9UaGUgU2VtYW50aWNzIG9mIEV2aWRlbnRpYWxzLnBkZgATABIvVm9sdW1lcy9MaXRlcmF0dXL//wAAAAgADQAaACQAdQAAAAAAAAIBAAAAAAAAAAUAAAAAAAAAAAAAAAAAAAIT}}

@phdthesis{Hacquard2006,
	Author = {Valentine Hacquard},
	Date-Added = {2018-06-30 10:31:28 +0000},
	Date-Modified = {2018-06-30 10:31:28 +0000},
	Keywords = {modality, aspect, habituality, Cinque's hierarchy},
	Month = {September},
	School = {MIT},
	Title = {{A}spects of {M}odality},
	Year = {2006},
	Bdsk-File-1 = {YnBsaXN0MDDSAQIDBFxyZWxhdGl2ZVBhdGhZYWxpYXNEYXRhXxBFLi4vLi4vLi4vLi4vLi4vLi4vLi4vVm9sdW1lcy9MaXRlcmF0dXIvQmlCVGVYL0FzcGVjdHMgb2YgTW9kYWxpdHkucGRmTxEBeAAAAAABeAACAAAJTGl0ZXJhdHVyAAAAAAAAAAAAAAAAAAAAAAAA1N4fqUgrAAAAAADYF0FzcGVjdHMgb2YgTW9kYWxpdHkucGRmAAAAAAAAAAAAAAAAAAAAAAAAAAAAAAAAAAAAAAAAAAAAAAAAAAAAAAAAE3XWHBWeAAAAAAAAAAD/////AAAJAAAAAAAAAAAAAAAAAAAAAAZCaUJUZVgAEAAIAADU3hGZAAAAEQAIAADWHAeOAAAAAQAEAAAA2AACAClMaXRlcmF0dXI6QmlCVGVYOgBBc3BlY3RzIG9mIE1vZGFsaXR5LnBkZgAADgAwABcAQQBzAHAAZQBjAHQAcwAgAG8AZgAgAE0AbwBkAGEAbABpAHQAeQAuAHAAZABmAA8AFAAJAEwAaQB0AGUAcgBhAHQAdQByABIAHy9CaUJUZVgvQXNwZWN0cyBvZiBNb2RhbGl0eS5wZGYAABMAEi9Wb2x1bWVzL0xpdGVyYXR1cv//AAAACAANABoAJABsAAAAAAAAAgEAAAAAAAAABQAAAAAAAAAAAAAAAAAAAeg=}}

@article{Hacquard-Wellwood2012,
	Author = {Valentine Hacquard and Alexis Wellwood},
	Date-Added = {2018-06-30 10:31:28 +0000},
	Date-Modified = {2018-08-28 18:05:33 +0200},
	Doi = {10.3765/sp.5.4},
	Journal = {Semantics and Pragmatics},
	Keywords = {modality, epistemic modality, corpus linguistics},
	Number = {4},
	Pages = {1-29},
	Title = {{E}mbedding epistemic modals in {E}nglish: {A} corpus-based study},
	Volume = {5},
	Year = {2012},
	Bdsk-File-1 = {YnBsaXN0MDDSAQIDBFxyZWxhdGl2ZVBhdGhZYWxpYXNEYXRhXxBsLi4vLi4vLi4vLi4vLi4vLi4vLi4vVm9sdW1lcy9MaXRlcmF0dXIvQmlCVGVYL0VtYmVkZGluZyBlcGlzdGVtaWMgbW9kYWxzIGluIEVuZ2xpc2ggQSBjb3JwdXMtYmFzZWQgc3R1ZHkucGRmTxEB9AAAAAAB9AACAAAJTGl0ZXJhdHVyAAAAAAAAAAAAAAAAAAAAAAAA1N4fqUgrAAAAAADYH0VtYmVkZGluZyBlcGlzdGVtaWMgbW8jMTM3OC5wZGYAAAAAAAAAAAAAAAAAAAAAAAAAAAAAAAAAAAAAAAAAAAAAE3jWHBeDAAAAAAAAAAD/////AAAJAAAAAAAAAAAAAAAAAAAAAAZCaUJUZVgAEAAIAADU3hGZAAAAEQAIAADWHAlzAAAAAQAEAAAA2AACADFMaXRlcmF0dXI6QmlCVGVYOgBFbWJlZGRpbmcgZXBpc3RlbWljIG1vIzEzNzgucGRmAAAOAH4APgBFAG0AYgBlAGQAZABpAG4AZwAgAGUAcABpAHMAdABlAG0AaQBjACAAbQBvAGQAYQBsAHMAIABpAG4AIABFAG4AZwBsAGkAcwBoACAAQQAgAGMAbwByAHAAdQBzAC0AYgBhAHMAZQBkACAAcwB0AHUAZAB5AC4AcABkAGYADwAUAAkATABpAHQAZQByAGEAdAB1AHIAEgBGL0JpQlRlWC9FbWJlZGRpbmcgZXBpc3RlbWljIG1vZGFscyBpbiBFbmdsaXNoIEEgY29ycHVzLWJhc2VkIHN0dWR5LnBkZgATABIvVm9sdW1lcy9MaXRlcmF0dXL//wAAAAgADQAaACQAkwAAAAAAAAIBAAAAAAAAAAUAAAAAAAAAAAAAAAAAAAKL}}

@phdthesis{Koring2013,
	Author = {Los Koring},
	Date-Added = {2018-06-13 17:09:14 +0000},
	Date-Modified = {2018-06-13 17:09:14 +0000},
	Keywords = {scheinen, subject raising, subject, movement, Dutch, evidentiality},
	School = {Universiteit Utrecht},
	Title = {{S}eemingly {S}imilar: {S}ubjects and {D}isplacement in {G}rammar, {P}rocessing, and {A}cquisition},
	Year = {2013},
	Bdsk-File-1 = {YnBsaXN0MDDSAQIDBFxyZWxhdGl2ZVBhdGhZYWxpYXNEYXRhXxBDLi4vLi4vLi4vLi4vLi4vLi4vLi4vVm9sdW1lcy9MaXRlcmF0dXIvQmlCVGVYL1NlZW1pbmdseSBTaW1pbGFyLnBkZk8RAXAAAAAAAXAAAgAACUxpdGVyYXR1cgAAAAAAAAAAAAAAAAAAAAAAANTeH6lIKwAAAAAA2BVTZWVtaW5nbHkgU2ltaWxhci5wZGYAAAAAAAAAAAAAAAAAAAAAAAAAAAAAAAAAAAAAAAAAAAAAAAAAAAAAAAAAADZV10ccHQAAAAAAAAAA/////wAACQAAAAAAAAAAAAAAAAAAAAAGQmlCVGVYABAACAAA1N4RmQAAABEACAAA10b//QAAAAEABAAAANgAAgAnTGl0ZXJhdHVyOkJpQlRlWDoAU2VlbWluZ2x5IFNpbWlsYXIucGRmAAAOACwAFQBTAGUAZQBtAGkAbgBnAGwAeQAgAFMAaQBtAGkAbABhAHIALgBwAGQAZgAPABQACQBMAGkAdABlAHIAYQB0AHUAcgASAB0vQmlCVGVYL1NlZW1pbmdseSBTaW1pbGFyLnBkZgAAEwASL1ZvbHVtZXMvTGl0ZXJhdHVy//8AAAAIAA0AGgAkAGoAAAAAAAACAQAAAAAAAAAFAAAAAAAAAAAAAAAAAAAB3g==}}

@article{Reis2007,
	Author = {Marga Reis},
	Date-Added = {2018-06-13 17:06:52 +0000},
	Date-Modified = {2018-06-13 17:06:52 +0000},
	Journal = {Interdisiplinary Journal for Germanic Linguistics and Semiotic Analysis},
	Keywords = {German, modal verb, raising verb, raising, movement},
	Number = {1},
	Pages = {1-57},
	Title = {{M}odals, so-called semi-modals, and grammaticalization in {G}erman},
	Volume = {12},
	Year = {2007}}

@incollection{Grimm2010,
	Author = {Scott Grimm},
	Booktitle = {{P}apers from the {L}inguistics {L}aboratory},
	Date-Added = {2018-06-13 17:06:27 +0000},
	Date-Modified = {2018-06-13 17:06:27 +0000},
	Editor = {Melanie Weirich and Stefanie Jannedy},
	Keywords = {raising},
	Number = {52},
	Pages = {83-109},
	Publisher = {Zentrum f{\"u}r Allgemeine Sprachwissenschaft, Berlin},
	Series = {ZAS Papers in Linguistics},
	Title = {{A}n empirical view on raising to subject},
	Year = {2010}}

@article{Haan2007,
	Author = {Ferdinand de Haan},
	Date-Added = {2018-06-13 17:05:33 +0000},
	Date-Modified = {2018-06-13 17:05:33 +0000},
	Journal = {Rivista di Linguistica},
	Keywords = {evidentiality, raising, Germanic},
	Number = {1},
	Pages = {129-150},
	Title = {Raising as grammaticalization: {T}he case of {G}ermanic \emph{seem}-verbs},
	Volume = {19},
	Year = {2007},
	Bdsk-File-1 = {YnBsaXN0MDDSAQIDBFxyZWxhdGl2ZVBhdGhZYWxpYXNEYXRhXxBvLi4vLi4vLi4vLi4vLi4vLi4vLi4vVm9sdW1lcy9MaXRlcmF0dXIvQmlCVGVYL1JhaXNpbmcgYXMgZ3JhbW1hdGljYWxpemF0aW9uIFRoZSBjYXNlIG9mIEdlcm1hbmljIHNlZW0tdmVyYnMucGRmTxEB/gAAAAAB/gACAAAJTGl0ZXJhdHVyAAAAAAAAAAAAAAAAAAAAAAAA1N4fqUgrAAAAAADYH1JhaXNpbmcgYXMgZ3JhbW1hdGljYWwjMTNENS5wZGYAAAAAAAAAAAAAAAAAAAAAAAAAAAAAAAAAAAAAAAAAAAAAE9XWHW2jAAAAAAAAAAD/////AAAJAAAAAAAAAAAAAAAAAAAAAAZCaUJUZVgAEAAIAADU3hGZAAAAEQAIAADWHV+TAAAAAQAEAAAA2AACADFMaXRlcmF0dXI6QmlCVGVYOgBSYWlzaW5nIGFzIGdyYW1tYXRpY2FsIzEzRDUucGRmAAAOAIQAQQBSAGEAaQBzAGkAbgBnACAAYQBzACAAZwByAGEAbQBtAGEAdABpAGMAYQBsAGkAegBhAHQAaQBvAG4AIABUAGgAZQAgAGMAYQBzAGUAIABvAGYAIABHAGUAcgBtAGEAbgBpAGMAIABzAGUAZQBtAC0AdgBlAHIAYgBzAC4AcABkAGYADwAUAAkATABpAHQAZQByAGEAdAB1AHIAEgBJL0JpQlRlWC9SYWlzaW5nIGFzIGdyYW1tYXRpY2FsaXphdGlvbiBUaGUgY2FzZSBvZiBHZXJtYW5pYyBzZWVtLXZlcmJzLnBkZgAAEwASL1ZvbHVtZXMvTGl0ZXJhdHVy//8AAAAIAA0AGgAkAJYAAAAAAAACAQAAAAAAAAAFAAAAAAAAAAAAAAAAAAACmA==}}

@incollection{Zimmermann2011a,
	Address = {Berlin},
	Author = {Malte Zimmermann},
	Booktitle = {{Semantics: An International Handbook of Natural Language Meaning}},
	Date-Added = {2018-06-03 21:13:47 +0000},
	Date-Modified = {2018-06-03 21:13:56 +0000},
	Editor = {von Heusinger, Klaus and Maienborn, Claudia and Portner, Paul},
	Keywords = {HSK33},
	Pages = {2012-2038},
	Publisher = {de Gruyter},
	Title = {Discourse particles},
	Volume = {2},
	Year = {2011},
	Bdsk-File-1 = {YnBsaXN0MDDSAQIDBFxyZWxhdGl2ZVBhdGhZYWxpYXNEYXRhXxBKLi4vLi4vLi4vLi4vLi4vR29vZ2xlIERyaXZlL2FyY2hpdmUvWmltbWVybWFubjIwMTEgRGlzY291cnNlIHBhcnRpY2xlcy5wZGZPEQHUAAAAAAHUAAIAAAxNYWNpbnRvc2ggSEQAAAAAAAAAAAAAAAAAAAAAAAAAQkQAAf////8fWmltbWVybWFubjIwMTEgRGlzI0ZGRkZGRkZGLnBkZgAAAAAAAAAAAAAAAAAAAAAAAAAAAAAAAAAAAAAAAAAA/////wAAAAAAAAAAAAAAAAAFAAMAAAogY3UAAAAAAAAAAAAAAAAAB2FyY2hpdmUAAAIAVi86VXNlcnM6bHVrYXN6amVkcnplam93c2tpOkdvb2dsZSBEcml2ZTphcmNoaXZlOlppbW1lcm1hbm4yMDExIERpc2NvdXJzZSBwYXJ0aWNsZXMucGRmAA4ATgAmAFoAaQBtAG0AZQByAG0AYQBuAG4AMgAwADEAMQAgAEQAaQBzAGMAbwB1AHIAcwBlACAAcABhAHIAdABpAGMAbABlAHMALgBwAGQAZgAPABoADABNAGEAYwBpAG4AdABvAHMAaAAgAEgARAASAFRVc2Vycy9sdWthc3pqZWRyemVqb3dza2kvR29vZ2xlIERyaXZlL2FyY2hpdmUvWmltbWVybWFubjIwMTEgRGlzY291cnNlIHBhcnRpY2xlcy5wZGYAEwABLwAAFQACABn//wAAAAgADQAaACQAcQAAAAAAAAIBAAAAAAAAAAUAAAAAAAAAAAAAAAAAAAJJ}}

@book{SWJP1998,
	Date-Added = {2018-06-03 20:57:38 +0000},
	Date-Modified = {2019-04-08 15:37:48 +0200},
	Keywords = {Polish},
	Publisher = {Warszawa: Przegl{\k a}d Reader's Digest},
	Title = {{S}{\l}ownik {W}sp\'{o}{\l}czesnego {J}\k{e}zyka {P}olskiego \emph{[}`Dictionary of \linebreak Modern Polish'\emph{]}},
	Year = {1998}}

@article{Zimmermann2004,
	Author = {Malte Zimmermann},
	Date-Added = {2018-06-03 20:55:27 +0000},
	Date-Modified = {2018-06-03 20:55:27 +0000},
	Journal = {Linguistische Berichte},
	Keywords = {modal particles, discourse particle, wohl, German, illocutionary force},
	Pages = {253-286},
	Title = {{Z}um \emph{Wohl}: {D}iskurspartikeln als Satztypmodifikatoren},
	Volume = {199},
	Year = {2004},
	Bdsk-File-1 = {YnBsaXN0MDDSAQIDBFxyZWxhdGl2ZVBhdGhZYWxpYXNEYXRhXxBkLi4vLi4vLi4vLi4vLi4vLi4vLi4vVm9sdW1lcy9MaXRlcmF0dXIvQmlCVGVYL1p1bSBXb2hsIERpc2t1cnNwYXJ0aWtlbG4gYWxzIFNhdHp0eXBtb2RpZmlrYXRvcmVuLnBkZk8RAdwAAAAAAdwAAgAACUxpdGVyYXR1cgAAAAAAAAAAAAAAAAAAAAAAANTeH6lIKwAAAAAA2B9adW0gV29obCBEaXNrdXJzcGFydGlrIzE3RkYucGRmAAAAAAAAAAAAAAAAAAAAAAAAAAAAAAAAAAAAAAAAAAAAABf/1k3yZlBERiBDQVJP/////wAACQAAAAAAAAAAAAAAAAAAAAAGQmlCVGVYABAACAAA1N4RmQAAABEACAAA1k3kVgAAAAEABAAAANgAAgAxTGl0ZXJhdHVyOkJpQlRlWDoAWnVtIFdvaGwgRGlza3Vyc3BhcnRpayMxN0ZGLnBkZgAADgBuADYAWgB1AG0AIABXAG8AaABsACAARABpAHMAawB1AHIAcwBwAGEAcgB0AGkAawBlAGwAbgAgAGEAbABzACAAUwBhAHQAegB0AHkAcABtAG8AZABpAGYAaQBrAGEAdABvAHIAZQBuAC4AcABkAGYADwAUAAkATABpAHQAZQByAGEAdAB1AHIAEgA+L0JpQlRlWC9adW0gV29obCBEaXNrdXJzcGFydGlrZWxuIGFscyBTYXR6dHlwbW9kaWZpa2F0b3Jlbi5wZGYAEwASL1ZvbHVtZXMvTGl0ZXJhdHVy//8AAAAIAA0AGgAkAIsAAAAAAAACAQAAAAAAAAAFAAAAAAAAAAAAAAAAAAACaw==}}

@book{Cinque1999,
	Author = {Guglielmo Cinque},
	Date-Added = {2018-06-03 20:19:26 +0000},
	Date-Modified = {2018-06-03 20:19:26 +0000},
	Keywords = {adverb, functional head, functional projection},
	Publisher = {Oxford: Oxford University Press},
	Series = {Oxford Studies in Comparative Syntax},
	Title = {{A}dverbs and {F}unctional {H}eads. {A} {C}ross-{L}inguistic {P}erspective},
	Year = {1999}}

@article{Cinque2017,
	Author = {Guglielmo Cinque},
	Date-Added = {2018-06-03 20:19:26 +0000},
	Date-Modified = {2018-08-28 18:02:53 +0200},
	Doi = {10.1075/lali.18.4.01cin},
	Journal = {Language and Linguistics},
	Keywords = {functional category, functional head, phrase, progressive},
	Number = {4},
	Pages = {521-576},
	Title = {{O}n the status of functional categories (heads and phrases)},
	Volume = {18},
	Year = {2017},
	Bdsk-File-1 = {YnBsaXN0MDDSAQIDBFxyZWxhdGl2ZVBhdGhZYWxpYXNEYXRhXxBsLi4vLi4vLi4vLi4vLi4vLi4vLi4vVm9sdW1lcy9MaXRlcmF0dXIvQmlCVGVYL09uIHRoZSBzdGF0dXMgb2YgZnVuY3Rpb25hbCBjYXRlZ29yaWVzIChoZWFkcyBhbmQgcGhyYXNlcykucGRmTxEB9AAAAAAB9AACAAAJTGl0ZXJhdHVyAAAAAAAAAAAAAAAAAAAAAAAA1N4fqUgrAAAAAADYH09uIHRoZSBzdGF0dXMgb2YgZnVuY3QjMTRGNy5wZGYAAAAAAAAAAAAAAAAAAAAAAAAAAAAAAAAAAAAAAAAAAAAAFPfWK9LMAAAAAAAAAAD/////AAAJAAAAAAAAAAAAAAAAAAAAAAZCaUJUZVgAEAAIAADU3hGZAAAAEQAIAADWK8S8AAAAAQAEAAAA2AACADFMaXRlcmF0dXI6QmlCVGVYOgBPbiB0aGUgc3RhdHVzIG9mIGZ1bmN0IzE0RjcucGRmAAAOAH4APgBPAG4AIAB0AGgAZQAgAHMAdABhAHQAdQBzACAAbwBmACAAZgB1AG4AYwB0AGkAbwBuAGEAbAAgAGMAYQB0AGUAZwBvAHIAaQBlAHMAIAAoAGgAZQBhAGQAcwAgAGEAbgBkACAAcABoAHIAYQBzAGUAcwApAC4AcABkAGYADwAUAAkATABpAHQAZQByAGEAdAB1AHIAEgBGL0JpQlRlWC9PbiB0aGUgc3RhdHVzIG9mIGZ1bmN0aW9uYWwgY2F0ZWdvcmllcyAoaGVhZHMgYW5kIHBocmFzZXMpLnBkZgATABIvVm9sdW1lcy9MaXRlcmF0dXL//wAAAAgADQAaACQAkwAAAAAAAAIBAAAAAAAAAAUAAAAAAAAAAAAAAAAAAAKL}}

@book{Cinque2006,
	Author = {Guglielmo Cinque},
	Date-Added = {2018-06-03 20:19:26 +0000},
	Date-Modified = {2018-06-03 20:19:26 +0000},
	Keywords = {restructuring, functional head, functional projection},
	Number = {4},
	Publisher = {Oxford: Oxford University Press},
	Series = {{T}he {C}artography of {S}yntactic {S}tructures},
	Title = {{R}estructuring and {F}unctional {H}eads},
	Year = {2006}}

@incollection{Baszczak-Jabonskaetal2014,
	Author = {Joanna B{\l}aszczak and Patrycja Jab{\l}o{\'n}ska and Dorota Klimek-Jankowska and Krzysztof Migdalski},
	Booktitle = {{Future Times, Future Tenses}},
	Date-Added = {2018-06-03 20:11:01 +0000},
	Date-Modified = {2018-08-28 17:56:57 +0200},
	Doi = {10.1093/acprof:oso/9780199679157.003.0008},
	Editor = {Philippe de Brabanter and Mikhail Kissine and Saghie Sharifzadeh},
	Keywords = {Polish, future tense},
	Pages = {165-204},
	Publisher = {Oxford: Oxford University Press},
	Title = {{The riddle of future tense in Polish: How much `future' is there in `future tense`?}},
	Year = {2014},
	Bdsk-File-1 = {YnBsaXN0MDDSAQIDBFxyZWxhdGl2ZVBhdGhZYWxpYXNEYXRhXxBWLi4vLi4vLi4vLi4vLi4vLi4vLi4vVm9sdW1lcy9MaXRlcmF0dXIvQmlCVGVYL1RoZSByaWRkbGUgb2YgRnV0dXJlIFRlbnNlIGluIFBvbGlzaC5wZGZPEQGyAAAAAAGyAAIAAAlMaXRlcmF0dXIAAAAAAAAAAAAAAAAAAAAAAADU3h+pSCsAAAAAANgfVGhlIHJpZGRsZSBvZiBGdXR1cmUgVGUjNzU4LnBkZgAAAAAAAAAAAAAAAAAAAAAAAAAAAAAAAAAAAAAAAAAAAAAHWNU8xlZQREYgQ0FST/////8AAAkAAAAAAAAAAAAAAAAAAAAABkJpQlRlWAAQAAgAANTeEZkAAAARAAgAANU8qjYAAAABAAQAAADYAAIAMUxpdGVyYXR1cjpCaUJUZVg6AFRoZSByaWRkbGUgb2YgRnV0dXJlIFRlIzc1OC5wZGYAAA4AUgAoAFQAaABlACAAcgBpAGQAZABsAGUAIABvAGYAIABGAHUAdAB1AHIAZQAgAFQAZQBuAHMAZQAgAGkAbgAgAFAAbwBsAGkAcwBoAC4AcABkAGYADwAUAAkATABpAHQAZQByAGEAdAB1AHIAEgAwL0JpQlRlWC9UaGUgcmlkZGxlIG9mIEZ1dHVyZSBUZW5zZSBpbiBQb2xpc2gucGRmABMAEi9Wb2x1bWVzL0xpdGVyYXR1cv//AAAACAANABoAJAB9AAAAAAAAAgEAAAAAAAAABQAAAAAAAAAAAAAAAAAAAjM=}}

@article{Haegeman-Urogdi2010,
	Author = {Liliane Haegeman and Barbara {\"U}r{\"o}gdi},
	Date-Added = {2018-06-03 17:31:17 +0000},
	Date-Modified = {2018-08-28 18:06:25 +0200},
	Doi = {10.1515/thli.2010.008},
	Journal = {Theoretical Linguistics},
	Keywords = {relative clause, adverbial clause, complement clause, operator, movement},
	Number = {2-3},
	Pages = {111-152},
	Title = {{R}eferential {CP}s and {DP}s: {A}n operator movement account},
	Volume = {36},
	Year = {2010},
	Bdsk-Url-1 = {https://doi.org/10.1515/thli.2010.008}}

@article{deCuba2017,
	Author = {Carlos de Cuba},
	Date-Added = {2018-06-03 17:28:14 +0000},
	Date-Modified = {2018-08-28 18:03:42 +0200},
	Doi = {10.5334/gjgl.53},
	Journal = {Glossa: A Journal of General Linguistics},
	Keywords = {noun complement clause, relative clause, referential modifier},
	Pages = {1-46},
	Title = {Noun complement clauses as referential modifiers},
	Volume = {2(1): 3},
	Year = {2017},
	Bdsk-File-1 = {YnBsaXN0MDDSAQIDBFxyZWxhdGl2ZVBhdGhZYWxpYXNEYXRhXxBiLi4vLi4vLi4vLi4vLi4vLi4vLi4vVm9sdW1lcy9MaXRlcmF0dXIvQmlCVGVYL05vdW4gY29tcGxlbWVudCBjbGF1c2VzIGFzIHJlZmVyZW50aWFsIG1vZGlmaWVycy5wZGZPEQHWAAAAAAHWAAIAAAlMaXRlcmF0dXIAAAAAAAAAAAAAAAAAAAAAAADU3h+pSCsAAAAAANgfTm91biBjb21wbGVtZW50IGNsYXVzZXMjNTFFLnBkZgAAAAAAAAAAAAAAAAAAAAAAAAAAAAAAAAAAAAAAAAAAAAAFHtUjyUEAAAAAAAAAAP////8AAAkAAAAAAAAAAAAAAAAAAAAABkJpQlRlWAAQAAgAANTeEZkAAAARAAgAANUjrSEAAAABAAQAAADYAAIAMUxpdGVyYXR1cjpCaUJUZVg6AE5vdW4gY29tcGxlbWVudCBjbGF1c2VzIzUxRS5wZGYAAA4AagA0AE4AbwB1AG4AIABjAG8AbQBwAGwAZQBtAGUAbgB0ACAAYwBsAGEAdQBzAGUAcwAgAGEAcwAgAHIAZQBmAGUAcgBlAG4AdABpAGEAbAAgAG0AbwBkAGkAZgBpAGUAcgBzAC4AcABkAGYADwAUAAkATABpAHQAZQByAGEAdAB1AHIAEgA8L0JpQlRlWC9Ob3VuIGNvbXBsZW1lbnQgY2xhdXNlcyBhcyByZWZlcmVudGlhbCBtb2RpZmllcnMucGRmABMAEi9Wb2x1bWVzL0xpdGVyYXR1cv//AAAACAANABoAJACJAAAAAAAAAgEAAAAAAAAABQAAAAAAAAAAAAAAAAAAAmM=}}

@book{Sweetser1990,
	Author = {Eve Sweetser},
	Date-Added = {2018-06-03 16:04:27 +0000},
	Date-Modified = {2018-08-28 18:17:51 +0200},
	Doi = {10.1017/CBO9780511620904},
	Keywords = {English, pragmatics, etymology, metaphor},
	Number = {54},
	Publisher = {Cambridge: Cambridge University Press},
	Series = {Cambridge Studies in Linguistics},
	Title = {{F}rom {E}tymology to {P}ragmatics. {M}etaphoricals and {C}ultural {A}spects of {S}emantic {S}tructure},
	Year = {1990},
	Bdsk-Url-1 = {https://doi.org/10.1017/CBO9780511620904}}

@incollection{Ibarretxe-Antunano1999,
	Author = {Iraide Ibarretxe-Antu{\~n}ano},
	Booktitle = {{M}etaphor in {C}ognitive {L}inguistics. {S}elected {P}apers from the 5th {I}nternational {C}ognitive {L}inguistics {C}onference, {A}msterdam, 1997},
	Date-Added = {2018-06-03 15:54:40 +0000},
	Date-Modified = {2018-08-28 18:07:15 +0200},
	Doi = {10.1075/cilt.175.03iba},
	Editor = {Raymond W. Gibbs, Jr. and Gerard J. Steen},
	Keywords = {olfactory expression, metaphor},
	Number = {175},
	Pages = {29-45},
	Publisher = {Amsterdam: John Benjamins},
	Series = {Current Issues in Linguistic Theory},
	Title = {{M}etaphorical mappings in the sense of smell},
	Year = {1999},
	Bdsk-Url-1 = {https://doi.org/10.1075/cilt.175.03iba}}

@book{Reis1977,
	Author = {Marga Reis},
	Date-Added = {2018-06-03 15:41:37 +0000},
	Date-Modified = {2018-06-03 15:41:37 +0000},
	Number = {51},
	Publisher = {T{\"u}bingen: Max Niemeyer},
	Series = {{Linguistische Arbeiten}},
	Title = {Pr{\"a}suppositionen und {S}yntax},
	Year = {1977},
	Bdsk-File-1 = {YnBsaXN0MDDSAQIDBFxyZWxhdGl2ZVBhdGhZYWxpYXNEYXRhbxBRAC4ALgAvAC4ALgAvAC4ALgAvAC4ALgAvAC4ALgAvAC4ALgAvAC4ALgAvAFYAbwBsAHUAbQBlAHMALwBMAGkAdABlAHIAYQB0AHUAcgAvAEIAaQBCAFQAZQBYAC8AUgBlAGkAcwAgACgAMQA5ADcANwApACAALQAgAFAAcgBhAwgAcwB1AHAAcABvAHMAaQB0AGkAbwBuAGUAbgAuAHAAZABmTxEBpAAAAAABpAACAAAJTGl0ZXJhdHVyAAAAAAAAAAAAAAAAAAAAAAAA1N4fqUgrAAAAAADYH1JlaXMgKDE5NzcpIC0gUHKKc3VwcG9zIzU1NC5wZGYAAAAAAAAAAAAAAAAAAAAAAAAAAAAAAAAAAAAAAAAAAAAABVTVJtonAAAAAAAAAAD/////AAAJAAAAAAAAAAAAAAAAAAAAAAZCaUJUZVgAEAAIAADU3hGZAAAAEQAIAADVJr4HAAAAAQAEAAAA2AACADFMaXRlcmF0dXI6QmlCVGVYOgBSZWlzICgxOTc3KSAtIFByinN1cHBvcyM1NTQucGRmAAAOAEgAIwBSAGUAaQBzACAAKAAxADkANwA3ACkAIAAtACAAUAByAGEDCABzAHUAcABwAG8AcwBpAHQAaQBvAG4AZQBuAC4AcABkAGYADwAUAAkATABpAHQAZQByAGEAdAB1AHIAEgAsL0JpQlRlWC9SZWlzICgxOTc3KSAtIFByYcyIc3VwcG9zaXRpb25lbi5wZGYAEwASL1ZvbHVtZXMvTGl0ZXJhdHVy//8AAAAIAA0AGgAkAMkAAAAAAAACAQAAAAAAAAAFAAAAAAAAAAAAAAAAAAACcQ==}}

@article{Karttunen1977,
	Author = {Lauri Karttunen},
	Date-Added = {2018-06-03 15:41:28 +0000},
	Date-Modified = {2018-08-28 18:09:39 +0200},
	Doi = {10.1007/BF00351935},
	Journal = {Linguistics and Philosophy},
	Keywords = {syntax, semantics, questions, English, complement clause, complement clauses, verb},
	Number = {1},
	Pages = {3-44},
	Title = {{S}yntax and semantics of questions},
	Volume = {1},
	Year = {1977},
	Bdsk-Url-1 = {https://doi.org/10.1007/BF00351935}}

@book{Bondaruk2004,
	Author = {Anna Bondaruk},
	Date-Added = {2018-06-02 20:44:06 +0000},
	Date-Modified = {2018-06-02 20:44:06 +0000},
	Keywords = {PRO, control, English, Irish, Polish, infinitive clause},
	Publisher = {Lublin: Wydawnictwo KUL},
	Title = {{PRO} and {C}ontrol in {E}nglish, {I}rish and {P}olish - {A} {M}inimalist {A}nalysis},
	Year = {2004}}

@incollection{Szczegielniak1999,
	Author = {Adam Szczegielniak},
	Booktitle = {{P}apers on {M}orphology and {S}yntax, {C}ycle {O}ne},
	Date-Added = {2018-06-02 20:42:40 +0000},
	Date-Modified = {2018-06-02 20:42:40 +0000},
	Editor = {Karlos Arregi and Benjamins Bruening and Cornelia Krause and Vivian Lin},
	Keywords = {Polish, successive cyclic movement},
	Number = {33},
	Pages = {369-393},
	Publisher = {Cambridge, Massachusetts: The MIT Press},
	Series = {MIT Working Papers in Linguistics},
	Title = {`{T}hat-\emph{t} effects' cross-linguistically and successive cyclic movement},
	Year = {1999}}

@incollection{Rizzi1997,
	Author = {Luigi Rizzi},
	Booktitle = {{Elements of Grammar. Handbook in Generative Syntax}},
	Date-Added = {2018-06-02 20:36:39 +0000},
	Date-Modified = {2018-08-28 18:17:09 +0200},
	Doi = {10.1007/978-94-011-5420-8_7},
	Editor = {Liliane Haegeman},
	Keywords = {left periphery, C-domain, Italian, English},
	Number = {1},
	Pages = {281-337},
	Publisher = {Dordrecht: Kluwer},
	Series = {Kluwer International Handbooks of Linguistics},
	Title = {{T}he fine structure of the left periphery},
	Year = {1997},
	Bdsk-Url-1 = {https://doi.org/10.1007/978-94-011-5420-8_7}}

@book{Witkos1998,
	Author = {Jacek Witko{\'s}},
	Date-Added = {2018-06-02 20:31:41 +0000},
	Date-Modified = {2018-06-02 20:31:41 +0000},
	Keywords = {Polish, clitic, syntax, Minimalism},
	Publisher = {Pozna{\'n}: Motivex},
	Title = {{T}he {S}yntax of {C}litics. {S}teps towards a {M}inimalist {A}ccount},
	Year = {1998}}

@article{Tajsner1989,
	Author = {Przemys{\l}aw Tajsner},
	Date-Added = {2018-06-02 20:27:56 +0000},
	Date-Modified = {2018-06-02 20:27:56 +0000},
	Journal = {Studia Anglica Posnaniensia},
	Keywords = {Polish, mood, indicative, subjunctive, complement clause, complementation},
	Number = {1},
	Pages = {69-81},
	Title = {{O}n the nature of some indicative-subjunctive asymmetry in {P}olish},
	Volume = {20},
	Year = {1989}}

@book{Willim1989,
	Author = {Ewa Willim},
	Date-Added = {2018-06-02 20:20:18 +0000},
	Date-Modified = {2018-06-02 20:20:18 +0000},
	Keywords = {English, Polish, word order},
	Publisher = {Krak{\'o}w: Wydawnictwo Naukowe Uniwersytetu Jagiello{\'n}skiego},
	Title = {{O}n {W}ord {O}rder. {A} {G}overnment-{B}inding {S}tudy of {E}nglish and {P}olish},
	Year = {1989}}

@book{Sodowicz2008,
	Author = {Szymon S{\l}odowicz},
	Date-Added = {2018-06-02 18:53:33 +0000},
	Date-Modified = {2018-06-02 18:53:33 +0000},
	Keywords = {control, Polish, complement clause, infinitive},
	Number = {8},
	Publisher = {M{\"u}nchen: Otto Sagner},
	Series = {Slavolinguistica},
	Title = {{C}ontrol in {P}olish {C}omplement {C}lauses},
	Year = {2008}}

@article{Lisa-Matthewson-Davis2017,
	Author = {Lisa Matthewson and Hotze Rullmann and Henry Davis},
	Date-Added = {2018-05-25 13:26:18 +0000},
	Date-Modified = {2018-08-27 23:27:57 +0200},
	Doi = {10.1075/livy.7.07mat},
	Journal = {Linguistic Variation Yearbook},
	Keywords = {evidentiality, epistemic modality, Salish},
	Pages = {201-254},
	Title = {{E}videntials as epistemic modals: {E}vidence from {S}t'{\'a}t'imcets},
	Volume = {7},
	Year = {2007},
	Bdsk-Url-1 = {https://doi.org/10.1075/livy.7.07mat}}

@book{Kratzer2012,
	Author = {Angelika Kratzer},
	Date-Added = {2018-05-25 13:22:48 +0000},
	Date-Modified = {2018-05-25 13:22:48 +0000},
	Keywords = {modality, conditional clause, semantics, epistemic modality, adjunct clause, adverbial clause},
	Number = {36},
	Publisher = {Oxford: Oxford University Press},
	Series = {Oxford Studies in Theoretical Linguistics},
	Title = {{M}odals and {C}onditionals},
	Year = {2012},
	Bdsk-File-1 = {YnBsaXN0MDDSAQIDBFxyZWxhdGl2ZVBhdGhZYWxpYXNEYXRhXxBiLi4vLi4vLi4vLi4vLi4vLi4vLi4vVm9sdW1lcy9MaXRlcmF0dXIvQmlCVGVYL01vZGFscyBhbmQgQ29uZGl0aW9uYWxzIE5ldyBhbmQgUmV2aXNlZCBQZXJzcGVjdGl2ZXNPEQHWAAAAAAHWAAIAAQlMaXRlcmF0dXIAAAAAAAAAAAAAAAAAAAAAAADU3h+pSCsAAAAAANgfTW9kYWxzIGFuZCBDb25kaXRpb25hbHMgTmUjMzNFNAAAAAAAAAAAAAAAAAAAAAAAAAAAAAAAAAAAAAAAAAAAAAAz5Nct2HkAAAAAAAAAAP////8AAAkAAAAAAAAAAAAAAAAAAAAABkJpQlRlWAAQAAgAANTeEZkAAAARAAgAANctvFkAAAABAAQAAADYAAIAMUxpdGVyYXR1cjpCaUJUZVg6AE1vZGFscyBhbmQgQ29uZGl0aW9uYWxzIE5lIzMzRTQAAA4AagA0AE0AbwBkAGEAbABzACAAYQBuAGQAIABDAG8AbgBkAGkAdABpAG8AbgBhAGwAcwAgAE4AZQB3ACAAYQBuAGQAIABSAGUAdgBpAHMAZQBkACAAUABlAHIAcwBwAGUAYwB0AGkAdgBlAHMADwAUAAkATABpAHQAZQByAGEAdAB1AHIAEgA8L0JpQlRlWC9Nb2RhbHMgYW5kIENvbmRpdGlvbmFscyBOZXcgYW5kIFJldmlzZWQgUGVyc3BlY3RpdmVzABMAEi9Wb2x1bWVzL0xpdGVyYXR1cv//AAAACAANABoAJACJAAAAAAAAAgEAAAAAAAAABQAAAAAAAAAAAAAAAAAAAmM=}}

@incollection{Kratzer1991,
	Author = {Angelika Kratzer},
	Booktitle = {{S}emantik. {E}in internationales {H}andbuch der zeitgen{\"o}ssischen {F}orschung},
	Date-Added = {2018-05-25 09:44:47 +0000},
	Date-Modified = {2018-08-28 18:12:22 +0200},
	Doi = {10.1515/9783110126969.7.639},
	Editor = {Arnim von Stechow and Dieter Wunderlich},
	Keywords = {modality},
	Number = {6},
	Pages = {639-650},
	Publisher = {Berlin: de Gruyter},
	Series = {Handb{\"u}cher zur Sprach- und Kommunikationswissenschaft},
	Title = {{M}odality},
	Year = {1991},
	Bdsk-Url-1 = {https://doi.org/10.1515/9783110126969.7.639}}

@incollection{Kratzer1981,
	Author = {Angelika Kratzer},
	Booktitle = {{W}ords, {W}orlds, and {C}ontexts. {N}ew {A}pproaches to {W}ord {S}emantics},
	Date-Added = {2018-05-25 09:44:47 +0000},
	Date-Modified = {2018-08-28 18:10:48 +0200},
	Doi = {10.1515/9783110842524-004},
	Editor = {Hans-J{\"u}rgen Eikmeyer and Hannes Rieser},
	Keywords = {modality},
	Number = {6},
	Pages = {38-74},
	Publisher = {Berlin: de Gruyter},
	Series = {Research in Text Theory},
	Title = {{T}he notional category of modality},
	Year = {1981},
	Bdsk-Url-1 = {https://doi.org/10.1515/9783110842524-004}}

@article{Faller2011,
	Author = {Martina Faller},
	Date-Added = {2018-05-25 09:11:27 +0000},
	Date-Modified = {2018-08-28 18:04:42 +0200},
	Doi = {10.3765/salt.v20i0.2586},
	Journal = {{P}roceedings of {SALT}},
	Keywords = {evidentiality, epistemic modality, possible worlds semantics, reportative evidentials, reportativity},
	Pages = {660-683},
	Title = {{A} possible worlds semantics for {C}uzco {Q}uechua evidentials},
	Volume = {20},
	Year = {2011},
	Bdsk-File-1 = {YnBsaXN0MDDSAQIDBFxyZWxhdGl2ZVBhdGhZYWxpYXNEYXRhXxBrLi4vLi4vLi4vLi4vLi4vLi4vLi4vVm9sdW1lcy9MaXRlcmF0dXIvQmlCVGVYL0EgcG9zc2libGUgd29ybGRzIHNlbWFudGljcyBmb3IgQ3V6Y28gUXVlY2h1YSBldmlkZW50aWFscy5wZGZPEQHyAAAAAAHyAAIAAAlMaXRlcmF0dXIAAAAAAAAAAAAAAAAAAAAAAADU3h+pSCsAAAAAANgfQSBwb3NzaWJsZSB3b3JsZHMgc2VtYSMzM0E5LnBkZgAAAAAAAAAAAAAAAAAAAAAAAAAAAAAAAAAAAAAAAAAAAAAzqdcs+rUAAAAAAAAAAP////8AAAkAAAAAAAAAAAAAAAAAAAAABkJpQlRlWAAQAAgAANTeEZkAAAARAAgAANcs3pUAAAABAAQAAADYAAIAMUxpdGVyYXR1cjpCaUJUZVg6AEEgcG9zc2libGUgd29ybGRzIHNlbWEjMzNBOS5wZGYAAA4AfAA9AEEAIABwAG8AcwBzAGkAYgBsAGUAIAB3AG8AcgBsAGQAcwAgAHMAZQBtAGEAbgB0AGkAYwBzACAAZgBvAHIAIABDAHUAegBjAG8AIABRAHUAZQBjAGgAdQBhACAAZQB2AGkAZABlAG4AdABpAGEAbABzAC4AcABkAGYADwAUAAkATABpAHQAZQByAGEAdAB1AHIAEgBFL0JpQlRlWC9BIHBvc3NpYmxlIHdvcmxkcyBzZW1hbnRpY3MgZm9yIEN1emNvIFF1ZWNodWEgZXZpZGVudGlhbHMucGRmAAATABIvVm9sdW1lcy9MaXRlcmF0dXL//wAAAAgADQAaACQAkgAAAAAAAAIBAAAAAAAAAAUAAAAAAAAAAAAAAAAAAAKI}}

@article{Faller2012,
	Author = {Martina Faller},
	Date-Added = {2018-05-25 09:11:27 +0000},
	Date-Modified = {2018-05-25 09:11:27 +0000},
	Journal = {Linguistics and Philosophy},
	Keywords = {evidentiality, scalar implicature, informativeness, speech act, illocutionary strength},
	Number = {4},
	Pages = {285-312},
	Title = {{E}vidential scalar implicatures},
	Volume = {35},
	Year = {2012},
	Bdsk-File-1 = {YnBsaXN0MDDSAQIDBFxyZWxhdGl2ZVBhdGhZYWxpYXNEYXRhXxBQLi4vLi4vLi4vLi4vLi4vLi4vLi4vVm9sdW1lcy9MaXRlcmF0dXIvQmlCVGVYL0V2aWRlbnRpYWwgc2NhbGFyIGltcGxpY2F0dXJlcy5wZGZPEQGgAAAAAAGgAAIAAAlMaXRlcmF0dXIAAAAAAAAAAAAAAAAAAAAAAADU3h+pSCsAAAAAANgfRXZpZGVudGlhbCBzY2FsYXIgaW1wbCMzMzk5LnBkZgAAAAAAAAAAAAAAAAAAAAAAAAAAAAAAAAAAAAAAAAAAAAAzmdcs9XwAAAAAAAAAAP////8AAAkAAAAAAAAAAAAAAAAAAAAABkJpQlRlWAAQAAgAANTeEZkAAAARAAgAANcs2VwAAAABAAQAAADYAAIAMUxpdGVyYXR1cjpCaUJUZVg6AEV2aWRlbnRpYWwgc2NhbGFyIGltcGwjMzM5OS5wZGYAAA4ARgAiAEUAdgBpAGQAZQBuAHQAaQBhAGwAIABzAGMAYQBsAGEAcgAgAGkAbQBwAGwAaQBjAGEAdAB1AHIAZQBzAC4AcABkAGYADwAUAAkATABpAHQAZQByAGEAdAB1AHIAEgAqL0JpQlRlWC9FdmlkZW50aWFsIHNjYWxhciBpbXBsaWNhdHVyZXMucGRmABMAEi9Wb2x1bWVzL0xpdGVyYXR1cv//AAAACAANABoAJAB3AAAAAAAAAgEAAAAAAAAABQAAAAAAAAAAAAAAAAAAAhs=}}

@incollection{Faller2001,
	Author = {Martina Faller},
	Booktitle = {{T}he {C}onstruction of {M}eaning},
	Date-Added = {2018-05-25 09:11:27 +0000},
	Date-Modified = {2018-05-25 09:11:27 +0000},
	Editor = {David Beaver and Mart{\'\i}nez Casillas and Brady Clark and Stefan Kaufmann},
	Keywords = {evidentiality, reportative evidentials, reportativity, hierarchy, typology},
	Pages = {89-111},
	Publisher = {Stanford: CSLI Publications},
	Title = {{R}emarks on evidential hierarchies},
	Year = {2001},
	Bdsk-File-1 = {YnBsaXN0MDDSAQIDBFxyZWxhdGl2ZVBhdGhZYWxpYXNEYXRhXxBTLi4vLi4vLi4vLi4vLi4vLi4vLi4vVm9sdW1lcy9MaXRlcmF0dXIvQmlCVGVYL1JlbWFya3Mgb24gZXZpZGVudGlhbCBoaWVyYXJjaGllcy5wZGZPEQGqAAAAAAGqAAIAAAlMaXRlcmF0dXIAAAAAAAAAAAAAAAAAAAAAAADU3h+pSCsAAAAAANgfUmVtYXJrcyBvbiBldmlkZW50aWFsICMzM0FBLnBkZgAAAAAAAAAAAAAAAAAAAAAAAAAAAAAAAAAAAAAAAAAAAAAzqtcs+3gAAAAAAAAAAP////8AAAkAAAAAAAAAAAAAAAAAAAAABkJpQlRlWAAQAAgAANTeEZkAAAARAAgAANcs31gAAAABAAQAAADYAAIAMUxpdGVyYXR1cjpCaUJUZVg6AFJlbWFya3Mgb24gZXZpZGVudGlhbCAjMzNBQS5wZGYAAA4ATAAlAFIAZQBtAGEAcgBrAHMAIABvAG4AIABlAHYAaQBkAGUAbgB0AGkAYQBsACAAaABpAGUAcgBhAHIAYwBoAGkAZQBzAC4AcABkAGYADwAUAAkATABpAHQAZQByAGEAdAB1AHIAEgAtL0JpQlRlWC9SZW1hcmtzIG9uIGV2aWRlbnRpYWwgaGllcmFyY2hpZXMucGRmAAATABIvVm9sdW1lcy9MaXRlcmF0dXL//wAAAAgADQAaACQAegAAAAAAAAIBAAAAAAAAAAUAAAAAAAAAAAAAAAAAAAIo}}

@article{Faller2017,
	Author = {Martina Faller},
	Date-Added = {2018-05-25 09:11:27 +0000},
	Date-Modified = {2018-05-25 09:11:27 +0000},
	Journal = {Lingua},
	Keywords = {evidentiality, reportative evidentials, modal subordination, modal coordination, German},
	Pages = {55-67},
	Title = {{R}eportative evidentials and modal subordination},
	Volume = {186-187},
	Year = {2017},
	Bdsk-File-1 = {YnBsaXN0MDDSAQIDBFxyZWxhdGl2ZVBhdGhZYWxpYXNEYXRhXxBhLi4vLi4vLi4vLi4vLi4vLi4vLi4vVm9sdW1lcy9MaXRlcmF0dXIvQmlCVGVYL1JlcG9ydGF0aXZlIGV2aWRlbnRpYWxzIGFuZCBtb2RhbCBzdWJvcmRpbmF0aW9uLnBkZk8RAdQAAAAAAdQAAgAACUxpdGVyYXR1cgAAAAAAAAAAAAAAAAAAAAAAANTeH6lIKwAAAAAA2B9SZXBvcnRhdGl2ZSBldmlkZW50aWFsIzMzOTMucGRmAAAAAAAAAAAAAAAAAAAAAAAAAAAAAAAAAAAAAAAAAAAAADOT1yzz6AAAAAAAAAAA/////wAACQAAAAAAAAAAAAAAAAAAAAAGQmlCVGVYABAACAAA1N4RmQAAABEACAAA1yzXyAAAAAEABAAAANgAAgAxTGl0ZXJhdHVyOkJpQlRlWDoAUmVwb3J0YXRpdmUgZXZpZGVudGlhbCMzMzkzLnBkZgAADgBoADMAUgBlAHAAbwByAHQAYQB0AGkAdgBlACAAZQB2AGkAZABlAG4AdABpAGEAbABzACAAYQBuAGQAIABtAG8AZABhAGwAIABzAHUAYgBvAHIAZABpAG4AYQB0AGkAbwBuAC4AcABkAGYADwAUAAkATABpAHQAZQByAGEAdAB1AHIAEgA7L0JpQlRlWC9SZXBvcnRhdGl2ZSBldmlkZW50aWFscyBhbmQgbW9kYWwgc3Vib3JkaW5hdGlvbi5wZGYAABMAEi9Wb2x1bWVzL0xpdGVyYXR1cv//AAAACAANABoAJACIAAAAAAAAAgEAAAAAAAAABQAAAAAAAAAAAAAAAAAAAmA=}}

@inproceedings{Faller2014,
	Author = {Martina Faller},
	Booktitle = {{P}roceedings of the {F}ortieth {A}nnual {M}eeting of the {B}erkeley {L}inguistics {S}ociety},
	Date-Added = {2018-05-25 09:11:27 +0000},
	Date-Modified = {2018-05-25 09:11:27 +0000},
	Editor = {Herman Leung and Zachary O'Hagan and Sarah Bakst and Auburn Lutzross and Jonathan Manker and Nicholas Rolle and Katie Sardinha},
	Keywords = {evidentiality, reportative evidentials, reportativity, at-issueness, assertion, speech act},
	Pages = {62-84},
	Publisher = {Berkeley: Berkeley Linguistics Society},
	Title = {{R}eportativity, (not-)at-issueness, and assertion},
	Year = {2014},
	Bdsk-File-1 = {YnBsaXN0MDDSAQIDBFxyZWxhdGl2ZVBhdGhZYWxpYXNEYXRhXxBgLi4vLi4vLi4vLi4vLi4vLi4vLi4vVm9sdW1lcy9MaXRlcmF0dXIvQmlCVGVYL1JlcG9ydGF0aXZpdHkgKG5vdC0pYXQtaXNzdWVuZXNzIGFuZCBhc3NlcnRpb24ucGRmTxEB0AAAAAAB0AACAAAJTGl0ZXJhdHVyAAAAAAAAAAAAAAAAAAAAAAAA1N4fqUgrAAAAAADYH1JlcG9ydGF0aXZpdHkgKG5vdC0pYXQjMzNBNC5wZGYAAAAAAAAAAAAAAAAAAAAAAAAAAAAAAAAAAAAAAAAAAAAAM6TXLPdMUERGIENBUk//////AAAJAAAAAAAAAAAAAAAAAAAAAAZCaUJUZVgAEAAIAADU3hGZAAAAEQAIAADXLNssAAAAAQAEAAAA2AACADFMaXRlcmF0dXI6QmlCVGVYOgBSZXBvcnRhdGl2aXR5IChub3QtKWF0IzMzQTQucGRmAAAOAGYAMgBSAGUAcABvAHIAdABhAHQAaQB2AGkAdAB5ACAAKABuAG8AdAAtACkAYQB0AC0AaQBzAHMAdQBlAG4AZQBzAHMAIABhAG4AZAAgAGEAcwBzAGUAcgB0AGkAbwBuAC4AcABkAGYADwAUAAkATABpAHQAZQByAGEAdAB1AHIAEgA6L0JpQlRlWC9SZXBvcnRhdGl2aXR5IChub3QtKWF0LWlzc3VlbmVzcyBhbmQgYXNzZXJ0aW9uLnBkZgATABIvVm9sdW1lcy9MaXRlcmF0dXL//wAAAAgADQAaACQAhwAAAAAAAAIBAAAAAAAAAAUAAAAAAAAAAAAAAAAAAAJb}}

@phdthesis{Faller2002,
	Author = {Martina Faller},
	Date-Added = {2018-05-25 09:11:27 +0000},
	Date-Modified = {2018-05-25 09:11:27 +0000},
	Keywords = {evidentiality, semantics, pragmatics},
	School = {Stanford University},
	Title = {Semantics and {P}ragmatics of {E}videntials in {C}uzco {Q}uechua},
	Year = {2002},
	Bdsk-File-1 = {YnBsaXN0MDDSAQIDBFxyZWxhdGl2ZVBhdGhZYWxpYXNEYXRhXxBqLi4vLi4vLi4vLi4vLi4vLi4vLi4vVm9sdW1lcy9MaXRlcmF0dXIvQmlCVGVYL1NlbWFudGljcyBhbmQgcHJhZ21hdGljcyBvZiBldmlkZW50aWFscyBpbiBRdXpjbyBRdWVjaHVhLnBkZk8RAe4AAAAAAe4AAgAACUxpdGVyYXR1cgAAAAAAAAAAAAAAAAAAAAAAANTeH6lIKwAAAAAA2B9TZW1hbnRpY3MgYW5kIHByYWdtYXRpIzI0Q0YucGRmAAAAAAAAAAAAAAAAAAAAAAAAAAAAAAAAAAAAAAAAAAAAACTPwCuOmAAAAAAAAAAA/////wAACQAAAAAAAAAAAAAAAAAAAAAGQmlCVGVYABAACAAA1N4RmQAAABEACAAAwCuAiAAAAAEABAAAANgAAgAxTGl0ZXJhdHVyOkJpQlRlWDoAU2VtYW50aWNzIGFuZCBwcmFnbWF0aSMyNENGLnBkZgAADgB6ADwAUwBlAG0AYQBuAHQAaQBjAHMAIABhAG4AZAAgAHAAcgBhAGcAbQBhAHQAaQBjAHMAIABvAGYAIABlAHYAaQBkAGUAbgB0AGkAYQBsAHMAIABpAG4AIABRAHUAegBjAG8AIABRAHUAZQBjAGgAdQBhAC4AcABkAGYADwAUAAkATABpAHQAZQByAGEAdAB1AHIAEgBEL0JpQlRlWC9TZW1hbnRpY3MgYW5kIHByYWdtYXRpY3Mgb2YgZXZpZGVudGlhbHMgaW4gUXV6Y28gUXVlY2h1YS5wZGYAEwASL1ZvbHVtZXMvTGl0ZXJhdHVy//8AAAAIAA0AGgAkAJEAAAAAAAACAQAAAAAAAAAFAAAAAAAAAAAAAAAAAAACgw==}}

@article{Moulton2013,
	Author = {Keir Moulton},
	Date-Added = {2018-05-24 16:21:00 +0000},
	Date-Modified = {2018-08-28 18:14:04 +0200},
	Doi = {10.1111/synt.12007},
	Journal = {Syntax},
	Keywords = {CP, movement, reconstruction, left dislocation, de re, syntax, semantics, clausal complement, complementation, argument clause, English},
	Number = {3},
	Pages = {250-291},
	Title = {{N}ot moving clauses: {C}onnectivity in clausal complements},
	Volume = {16},
	Year = {2013},
	Bdsk-File-1 = {YnBsaXN0MDDSAQIDBFxyZWxhdGl2ZVBhdGhZYWxpYXNEYXRhXxBmLi4vLi4vLi4vLi4vLi4vLi4vLi4vVm9sdW1lcy9MaXRlcmF0dXIvQmlCVGVYL05vdCBtb3ZpbmcgY2xhdXNlcyBDb25uZWN0aXZpdHkgaW4gY2xhdXNhbCBhcmd1bWVudHMucGRmTxEB4gAAAAAB4gACAAAJTGl0ZXJhdHVyAAAAAAAAAAAAAAAAAAAAAAAA1N4fqUgrAAAAAADYH05vdCBtb3ZpbmcgY2xhdXNlcyBDb24jMzM3Ny5wZGYAAAAAAAAAAAAAAAAAAAAAAAAAAAAAAAAAAAAAAAAAAAAAM3fXLK+hAAAAAAAAAAD/////AAAJAAAAAAAAAAAAAAAAAAAAAAZCaUJUZVgAEAAIAADU3hGZAAAAEQAIAADXLJOBAAAAAQAEAAAA2AACADFMaXRlcmF0dXI6QmlCVGVYOgBOb3QgbW92aW5nIGNsYXVzZXMgQ29uIzMzNzcucGRmAAAOAHIAOABOAG8AdAAgAG0AbwB2AGkAbgBnACAAYwBsAGEAdQBzAGUAcwAgAEMAbwBuAG4AZQBjAHQAaQB2AGkAdAB5ACAAaQBuACAAYwBsAGEAdQBzAGEAbAAgAGEAcgBnAHUAbQBlAG4AdABzAC4AcABkAGYADwAUAAkATABpAHQAZQByAGEAdAB1AHIAEgBAL0JpQlRlWC9Ob3QgbW92aW5nIGNsYXVzZXMgQ29ubmVjdGl2aXR5IGluIGNsYXVzYWwgYXJndW1lbnRzLnBkZgATABIvVm9sdW1lcy9MaXRlcmF0dXL//wAAAAgADQAaACQAjQAAAAAAAAIBAAAAAAAAAAUAAAAAAAAAAAAAAAAAAAJz}}

@article{Moulton2015,
	Author = {Keir Moulton},
	Date-Added = {2018-05-24 16:18:50 +0000},
	Date-Modified = {2018-08-28 18:14:38 +0200},
	Doi = {10.1162/LING_a_00183},
	Journal = {Linguistic Inquiry},
	Keywords = {copy theory, CP, extraposition, word order, type-driven movement, event semantics, semantics, syntax, nominalization},
	Number = {2},
	Pages = {305-342},
	Title = {{CP}s: {C}opies and compositionality},
	Volume = {46},
	Year = {2015},
	Bdsk-File-1 = {YnBsaXN0MDDSAQIDBFxyZWxhdGl2ZVBhdGhZYWxpYXNEYXRhXxBRLi4vLi4vLi4vLi4vLi4vLi4vLi4vVm9sdW1lcy9MaXRlcmF0dXIvQmlCVGVYL0NQcyBjb3BpZXMgYW5kIGNvbXBvc2l0aW9uYWxpdHkucGRmTxEBpAAAAAABpAACAAAJTGl0ZXJhdHVyAAAAAAAAAAAAAAAAAAAAAAAA1N4fqUgrAAAAAADYH0NQcyBjb3BpZXMgYW5kIGNvbXBvc2kjMzM3RC5wZGYAAAAAAAAAAAAAAAAAAAAAAAAAAAAAAAAAAAAAAAAAAAAAM33XLLFhAAAAAAAAAAD/////AAAJAAAAAAAAAAAAAAAAAAAAAAZCaUJUZVgAEAAIAADU3hGZAAAAEQAIAADXLJVBAAAAAQAEAAAA2AACADFMaXRlcmF0dXI6QmlCVGVYOgBDUHMgY29waWVzIGFuZCBjb21wb3NpIzMzN0QucGRmAAAOAEgAIwBDAFAAcwAgAGMAbwBwAGkAZQBzACAAYQBuAGQAIABjAG8AbQBwAG8AcwBpAHQAaQBvAG4AYQBsAGkAdAB5AC4AcABkAGYADwAUAAkATABpAHQAZQByAGEAdAB1AHIAEgArL0JpQlRlWC9DUHMgY29waWVzIGFuZCBjb21wb3NpdGlvbmFsaXR5LnBkZgAAEwASL1ZvbHVtZXMvTGl0ZXJhdHVy//8AAAAIAA0AGgAkAHgAAAAAAAACAQAAAAAAAAAFAAAAAAAAAAAAAAAAAAACIA==}}

@phdthesis{Moulton2009,
	Author = {Keir Moulton},
	Date-Added = {2018-05-24 16:00:54 +0000},
	Date-Modified = {2018-05-24 16:00:54 +0000},
	Keywords = {complement clauses, selection, semantics, syntax},
	Month = {September},
	School = {University of Massachusetts Amherst},
	Title = {{N}atural {S}election and the {S}yntax of {C}lausal {C}omplementation},
	Year = {2009},
	Bdsk-File-1 = {YnBsaXN0MDDSAQIDBFxyZWxhdGl2ZVBhdGhZYWxpYXNEYXRhXxBtLi4vLi4vLi4vLi4vLi4vLi4vLi4vVm9sdW1lcy9MaXRlcmF0dXIvQmlCVGVYL05hdHVyYWwgU2VsZWN0aW9uIGFuZCB0aGUgU3ludGF4IG9mIENsYXVzYWwgQ29tcGxlbWVudGF0aW9uLnBkZk8RAfgAAAAAAfgAAgAACUxpdGVyYXR1cgAAAAAAAAAAAAAAAAAAAAAAANTeH6lIKwAAAAAA2B9OYXR1cmFsIFNlbGVjdGlvbiBhbmQgIzJBNzcucGRmAAAAAAAAAAAAAAAAAAAAAAAAAAAAAAAAAAAAAAAAAAAAACp31sMZEFBERiBDQVJP/////wAACQAAAAAAAAAAAAAAAAAAAAAGQmlCVGVYABAACAAA1N4RmQAAABEACAAA1sMLAAAAAAEABAAAANgAAgAxTGl0ZXJhdHVyOkJpQlRlWDoATmF0dXJhbCBTZWxlY3Rpb24gYW5kICMyQTc3LnBkZgAADgCAAD8ATgBhAHQAdQByAGEAbAAgAFMAZQBsAGUAYwB0AGkAbwBuACAAYQBuAGQAIAB0AGgAZQAgAFMAeQBuAHQAYQB4ACAAbwBmACAAQwBsAGEAdQBzAGEAbAAgAEMAbwBtAHAAbABlAG0AZQBuAHQAYQB0AGkAbwBuAC4AcABkAGYADwAUAAkATABpAHQAZQByAGEAdAB1AHIAEgBHL0JpQlRlWC9OYXR1cmFsIFNlbGVjdGlvbiBhbmQgdGhlIFN5bnRheCBvZiBDbGF1c2FsIENvbXBsZW1lbnRhdGlvbi5wZGYAABMAEi9Wb2x1bWVzL0xpdGVyYXR1cv//AAAACAANABoAJACUAAAAAAAAAgEAAAAAAAAABQAAAAAAAAAAAAAAAAAAApA=}}

@unpublished{JedrzejowskiSchenner-2013,
	Author = {{\L}ukasz J\k{e}drzejowski and Mathias Schenner},
	Date-Added = {2018-05-24 14:09:01 +0000},
	Date-Modified = {2018-05-24 14:09:01 +0000},
	Month = {August},
	Note = {{Talk and handout delivered at the 21st International Conference on Historical Linguistics, Workshop: New Insights into the Syntax and Semantics of Complementation, University of Oslo}},
	Title = {{From an inferential C to a reportative C: The case of evidential \textit{jakoby}-clauses in Polish}},
	Year = {2013},
	Bdsk-File-1 = {YnBsaXN0MDDSAQIDBFxyZWxhdGl2ZVBhdGhZYWxpYXNEYXRhXxBALi4vLi4vLi4vLi4vLi4vLi4vLi4vVm9sdW1lcy9MaXRlcmF0dXIvQmlCVGVYL2pha29ieV9oYW5kb3V0LnBkZk8RAWIAAAAAAWIAAgAACUxpdGVyYXR1cgAAAAAAAAAAAAAAAAAAAAAAANTeH6lIKwAAAAAA2BJqYWtvYnlfaGFuZG91dC5wZGYAAAAAAAAAAAAAAAAAAAAAAAAAAAAAAAAAAAAAAAAAAAAAAAAAAAAAAAAAAAAAAARX1RU3qAAAAAAAAAAA/////wAACQAAAAAAAAAAAAAAAAAAAAAGQmlCVGVYABAACAAA1N4RmQAAABEACAAA1RUbiAAAAAEABAAAANgAAgAkTGl0ZXJhdHVyOkJpQlRlWDoAamFrb2J5X2hhbmRvdXQucGRmAA4AJgASAGoAYQBrAG8AYgB5AF8AaABhAG4AZABvAHUAdAAuAHAAZABmAA8AFAAJAEwAaQB0AGUAcgBhAHQAdQByABIAGi9CaUJUZVgvamFrb2J5X2hhbmRvdXQucGRmABMAEi9Wb2x1bWVzL0xpdGVyYXR1cv//AAAACAANABoAJABnAAAAAAAAAgEAAAAAAAAABQAAAAAAAAAAAAAAAAAAAc0=}}
