% Encoding: UTF-8

@Misc{Aloni2005,
  author       = {Aloni, Maria},
  title        = {Expressing ignorance or indifference – {M}odal implicatures in {B}i-directional {OT}},
  howpublished = {Ms., University of Amsterdam},
  year         = {2005},
}

@Misc{Aloni2010,
  author       = {Aloni, Maria and Aguilar-Guevara, Ana and Port, Angelika and Schulz, Katrin and Simık, Radek},
  title        = {Free choice items as fossils},
  howpublished = {Workshop on {I}ndefiniteness {C}rosslinguistically {(DGfS)} Berlin, February 25/26},
  month        = feb,
  year         = {2010},
}

@InProceedings{AM2011,
  author    = {Alonso-Ovalle, Luis and Menéndez-Benito, Paula},
  title     = {{E}xpressing {I}ndifference: {S}panish {U}n {NP} {C}ualquiera},
  booktitle = {Proceedings of the 21st {S}emantics and {L}inguistic {T}heory {C}onference},
  year      = {2011},
  editor    = {Ashton, Neil and Chereches, Anca and Lutz, David},
  pages     = {333--352},
}

@Article{Chierchia2006,
  author  = {Gennaro Chierchia},
  title   = {Broaden your views: {I}mplicatures of domain widening and the ``logicality'' of language},
  journal = {Linguistic Inquiry},
  year    = {2006},
  number  = {37},
  pages   = {535--590},
}

@InCollection{CR2008,
  author    = {Choi, J. and Romero, M.},
  title     = {Rescuing existential free choice items in episodic sentences},
  booktitle = {Empirical {I}ssues in {S}yntax and {S}emantics},
  year      = {2008},
  editor    = {Bonami, O. and Hoffner, P. C.},
  volume    = {7},
  pages     = {77--98},
}

@Article{Company2003,
  author  = {Company Company, Concepción},
  title   = {Gramaticalización y cambio sintáctico en la historia del español},
  journal = {Medievalia},
  year    = {2003},
  number  = {34},
  pages   = {3--61},
}

@Misc{CDE,
  author       = {Davies, Mark},
  title        = {Corpus del {E}spa{ñ}ol},
  howpublished = {\href{http://www.corpusdelespanol.org/}{http://www.corpusdelespanol.org/} {[= CDE]}},
  month        = nov,
  year         = {2017},
}

@Misc{DEM,
  title        = {Diccionario del {E}spa{ñ}ol de {M}éxico},
  howpublished = {\href{http://dem.colmex.mx}{http://dem.colmex.mx}, {E}l {C}olegio de {M}éxico, retrieved 9.1.2018 {[= DEM]}},
  year         = {2018},
}

@Article{Fintel2000,
  author  = {{von Fintel}, Kai},
  title   = {Whatever},
  journal = {Semantics and Linguistic Theory (SALT)},
  year    = {2000},
  number  = {10},
  pages   = {27--40},
}

@Article{Rivero2011,
  author  = {Rivero, Maria},
  title   = {Cualquiera posnominal: {U}n desconocido cualquiera},
  journal = {Cuadernos de la Asociacicion de Linguistica y Filología de la America Latina},
  year    = {2011},
  number  = {3},
  pages   = {60--80},
}

@Article{Roberts1996,
  author  = {Roberts, Craige},
  title   = {Information structure in discourse: towards an integrated formal theory of pragmatics},
  journal = {Semantics {\&} Pragmatics},
  year    = {1996},
  number  = {5},
  pages   = {1--69},
}

@InCollection{Traugott1995,
  author    = {Traugott, Elizabeth Closs},
  title     = {Subjectification in grammaticalisation},
  booktitle = {Subjectivity and {S}ubjectivication},
  publisher = {Cambridge University Press},
  year      = {1995},
  editor    = {Stein, Dieter and Wright, Susan},
  address   = {Cambridge},
}

@PhdThesis{Tredinnick2005,
  author = {Tredinnick, Victoria},
  title  = {On the semantics of free relatives with ever},
  school = {University of Pennsylvania},
  year   = {2005},
  type   = {phdthesis},
}

@Misc{Condoravdi2005,
  author       = {Condoravdi, Cleo},
  title        = {Not knowing or caring who},
  howpublished = {Ms., PARC and Stanford University},
  year         = {2005},
}

@Book{Cinque2010,
  title     = {The {S}yntax of {A}djectives: {A} {C}omparative {S}tudy},
  publisher = {MIT Press},
  year      = {2010},
  author    = {Cinque, Guglielmo},
  address   = {Cambridge, MA},
}

@Comment{jabref-meta: databaseType:bibtex;}
