@article{lme4,
    title = {Fitting Linear Mixed-Effects Models Using lme4},
    author = {Bates, Douglas, and Mächler, Martin and Bolker, Ben, and Walker, Steve},
    journal = {Journal of Statistical Software},
    year = {2015},
    volume = {67},
    number = {1},
    pages = {1-48}
}%    doi = {10.18637/jss.v067.i01}


@article{lmerTest,
    title = {{lmerTest} Package: Tests in Linear Mixed Effects Models},
    author = {Kuznetsova, Alexandra, and Brockhoff, Per B., and Christensen, Rune H. B.},
    journal = {Journal of Statistical Software},
    year = {2017},
    volume = {82},
    number = {13},
    pages = {1-26}
}%    doi = {10.18637/jss.v082.i13}


@incollection{Beck2011,
    author = {Beck, Sigrid},
    title = {Comparison Constructions},
    booktitle = {{S}emantics: An {I}nternational {H}andbook of {N}atural {L}anguage {M}eaning},
    year = {2011},
    publisher = {De Gruyter},
    address = {Berlin},
    editor = {Maienborn, Claudia, and von Heusinger, Klaus, and Portner, Paul},
    volume = {2},
    pages = {1341-1389}
}

@inproceedings{beck2016a_sub,
    title = {Temporal \textit{noch/still} and further-to readings of {G}erman \textit{noch}},
    author = {Beck, Sigrid},
    booktitle = {{P}roceedings of {S}inn und {B}edeutung 20},
    year = {2016a},
    address = {Universität Tübingen},
    pages = {4-25}
}

@inproceedings{beck2016b_disc,
    author = {Beck, Sigrid},
    title = {Discourse related readings of scalar particles},
    booktitle= {Proceedings of Semantics and Linguistic Theory 26},
    year = {2016b},
    address = {University of {T}exas, {A}ustin},
    pages = {142-165}    
}


@incollection{Eckardt_2009,
    author = {Eckardt, Regine},
    editor = {Jacqueline Visconti and Maj-Britt Mosegard Hansen},
    title = {APO: Avoid pragmatic overload},
    booktitle = {Current Trends in Diachronic Semantics and Pragmatics},
    year = {2009},
    address = {London},
    publisher = {Emerald},
    pages = {21-42}    
}


@article{Eckardt_2011,
    author = {Eckardt, Regine},
    title = {Semantic Reanalysis and Language Change},
    journal = {Language and Linguistics Compass},
    year = {2011},
    volume = {5,1},
    pages = {33-46}
}


@phdthesis{Hofstetter2013,
    type = {Dissertation},
    title = {Selected Issues in the Theory of Comparison: Phrasal Comparison in {T}urkish and a Cross-Linguistic Perspective on Intensifiers, Negative Island Effects and the Distribution of Measure Phrases},
    author = {Hofstetter, Stefan},
    school = {{U}niversität {T}übingen},
    year = {2013}
}

@article{Ippolito2007,
    author = {Ippolito, Michela},
    title = {On the meaning of some focus-sensitive particles},
    journal = {Natural Language Semantics},
    year = {2007},
    volume = {15},
    pages = {1-34}
}


@book{kadmon2001,
    author = {Kadmon, Nirit},
    title = {Formal Pragmatics},
    publisher = {Blackwell},
    address = {Malden, MA},
    year = {2001}
}

@article{rett2013,
    author = {Rett, Jessica},
    title = {Similatives and the degree arguments of verbs},
    journal = {Natural Language and Linguistic Theory },
    volume = {31},
    number = {4},
    year = {2013},
    pages = {1101-1137}
}

@incollection{pinon2008,
    author = {Piñón, Christopher},
    title = {Aspectual composition with degrees},
    booktitle = {Adjectives and Adverbs: Syntax, Semantics, and Discourse},
    year = {2008},
    publisher = {OUP},
    address = {Oxford},
    editor = {McNally, Louise, and Kennedy, Christopher},
    pages = {183-219}
}

@incollection{kennedy2012,
    author = {Kennedy, Christopher},
    booktitle = {Telicity, Change, State: A Cross-categorical View of Event Structure},
    publisher = {OUP},
    title = {The Composition of Incremental Change},
    year = {2012},
    address = {Oxford},
    editor = {Demonte, Violeta, and McNally, Louise},
    pages = {103-121}
}

@article{kennedy_mcnally2005,
    author = {Kennedy, Christopher, and McNally, Louise},
    title = {Scale structure, degree modification, and the semantics of gradable predicates},
    journal = {Language},
    volume = {2},
    number = {81},
    year = {2005},
    pages = {345-381}
}

@article{koenig1977,
    author = {König, Ekkehard},
    title = {Temporal and Non-Temporal Uses of `Noch' and `Schon' in {G}erman},
    Journal = {Linguistics and Philosophy},
    Volume = {I},
    Number = {2},
    year = {1977},
    pages = {173-198}
}

@manual{kroch1,
    author = {Kroch, Anthony, Santorini, Beatrice, and Delfs, Lauren},
    year = {2004},
    title = {The Penn-Helsinki Parsed Corpus of Early Modern English (PPCEME)},
    address = {Department of Linguistics, University of Pennsylvania},
    edition = {First},
    note = {CD-ROM, Release 3}
}

@manual{kroch2,
    author = {Kroch, Anthony, Santorini, Beatrice, and Diertani, Ariel},
    year = {2016},
    title = {The Penn-Helsinki Parsed Corpus of Early Modern English (PPCEME)},
    address = {Department of Linguistics, University of Pennsylvania},
    edition = {Second},
    note = {CD-ROM, Release 1}
}

@manual{kali,
    title = {Kali Korpus},
    address = {Leibniz Universität Hannover},
    note = {Online: http://www.kali.uni-hannover.de}
}

@manual{titus,
    author = {Gippert, Jost, and Martínez, Javier, and Korn, Agnes},
    title = {TITUS - Thesaurus Indogermanischer Text- und Sprachmaterialien},
    note = {Online, http://titus.fkidg1.uni-frankfurt.de/indexe.htm}
}

@manual{ddd_OG,
    author = {Donhauser, Karin, and Gippert, Jost, and Lühr, Rosemarie},
    title = {DDD-AD},
    address = {Humboldt-Universität zu Berlin},
    edition = {(Version 1.0)},
    note = {Online: Accessed on Sept 16, 2017, http://www.deutschdiachrondigital.de/}
}

@manual{annis_og,
    author = {Krause, Thomas, and Zeldes, Amir},
    year = {2016},
    title = {ANNIS3: A new architecture for generic corpus query and visualization},
    edition = {Digital Scholarship in the Humanities 2016 (31)},
    note = {http://dsh.oxfordjournals.org/content/31/1/118}
}

@article{loebner1989,
    title = {``Schon - Erst - Noch'': An Integrated Analysis},
    author = {Löbner, Sebastian},
    Journal = {Linguistics and Philosophy},
    Volume = {II},
    Number = {2},
    year = {1989},
    pages = {167-212}
}

@book{pfeifer_et_al_1989,
    author = {Pfeifer, Wolfgang, and Ginschel, Gunhild, and Hagen, Gustav, and Müller, Klaus, and Petermann, Heinrich, and Pfeifer, Gerlinde, and Schröter, Dorothee, and Braun, Wilhelm, and Huber, Anna, and Schröter, Ulrich},
    title = {{E}tymologisches {W}örterbuch des {D}eutschen},
    publisher = {Akademie Verlag},
    address = {Berlin},
    year = {1989}
}

@article{petrova2011,
    author = {Petrova, Svetlana},
    title = {Modeling word order variation in discourse: On the pragmatic properties of VS order in {Old High German}},
    journal = {Oslo Studies on Language 3},
    year = {2011},
    volume = {3},
    pages = {209-228}
}


@article{stechow1984,
    author = {{von Stechow}, Arnim},
    title = {Comparing Semantic Theories of Comparison},
    journal = {Journal of Semantics},
    year = {1984},
    volume = {3},
    pages = {1-77}
}

@misc{stechow2006,
    author = {{von Stechow}, Arnim},
    title = {Times as Degrees},
    year = {2006},
    note = {Universität Tübingen},
    howpublished = {MS}
}


@inproceedings{umbach2009a_comp,
    author = {Umbach, Carla},
    title = {Comparatives combined with additive particles: The case of {G}erman \textit{noch}},
    booktitle = {Proceedings of {S}inn und {B}edeutung},
    year = {2009a},
    addresse = {{U}niversity of {S}tuttgart},
    month = {June},
    pages = {543-558},
    volume = {13}
}

@inproceedings{umbach2009b_add,
    author = {Umbach, Carla},
    title = {Another additive particle under stress: {G}erman additive \textit{noch}},
    booktitle = {Proceedings of the Tenth Symposium on Logic and Language - {L}o{L}a 10},
    year = {2009b},
    addresse = {Hungarian Academy of Sciences},
    month = {August},
    pages = {149 -156},
    volume = {10}
}

@article{umbach2012,
    author = {Umbach, Carla},
    title = {Strategies of additivity: {G}erman additive \textit{noch} compared to \textit{auch}},
    journal = {Lingua},
    year = {2012},
    volume = {122},
    number = {15},
    pages = {1843-1863}
}

@misc{umbach2018,
    author = {Umbach, Carla},
    comment = {Conversation on \textit{noch} and its meaning components},
    year = {2018},
    note = {Universität Saarbrücken},
    howpublished = {personal communication}
}

@manual{winter2013,
    title = {Linear models and linear mixed effects models in R with linguistic applications},
    author = {Winter, Bodo},
    note = {Online: arXiv:1308.5499, [http://arxiv.org/pdf/1308.5499.pdf]},
    year = {2013}
}


@manual{Rsoftware,
    title = {R: A Language and Environment for Statistical Computing},
    author = {{R Core Team}},
    organization = {R Foundation for Statistical Computing},
    address = {Vienna, Austria},
    year = {2019},
    note = {https://www.R-project.org/}
}

@misc{sosci_website,
    howpublished = {Online},
    title = {SoSci - der Online Fragebogen},
    note = {accessed on 07/17/2019, \\https://www.soscisurvey.de/},
    year = {2019}
}

@misc{survey_circle_website,
    author = {Johé, Jonas},
    howpublished = {Online},
    title = {Survey Circle},
    note = {accessed on 07/17/2019, https://www.surveycircle.com/},
    year = {2019}
}

@misc{github_website,
    howpublished = {Online},
    title = {GitHub},
    note = {accessed on 07/19/2019, https://www.github.com/},
    year = {2019}
}
@inproceedings{gergel_bluemel_kopf_2016,
    author = {Remus Gergel and Andreas Blümel and Martin Kopf},
    year = {2016},
    month = {01},
    Booktitle = {Proceedings of {PLC} 39},
    pages = {109-118},
    publisher = {University of Pennsylvania Working Papers in Linguistics: Vol. 22},
    title = {Another Heavy Road of Decompositionality: Notes from a Dying Adverb}
}

@inproceedings{gergel_etal_2017,
    title = {Surprisal and Satisfaction: Towards an Information-theoretic Characterization of Presuppositions with a Diachronic Application},
    author = {Remus Gergel and Martin Kopf-Giammanco and Julia Masloh},
    booktitle = {{IWCS} 2017 {---} 12th International Conference on Computational Semantics {---} Short papers},
    year = {2017},
}

@inproceedings{gergel_kopf-giammanco_watkins_2017,
  Title = {Annotating Presuppositional Information in Historical Corpora},
  Author = {Remus Gergel and Martin Kopf-Giammanco and Jonathan Watkins},
  Booktitle = {Talk at {23rd International Conference on Historical Linguistics, San Antonio, Texas}},
  Year = {2017},
  Address = {},
  Pages = {}
}
