@article{Beck2017,
	author = {Beck, Sigrid},
	journal = {Wellington Working Papers in Linguistics},
	pages = {5--13},
	title = {An alternative semantic cycle for universal quantifiers},
	volume = {23},
	year = {2017}
}


@article{Beck2019,
    author = {Beck, Sigrid},
    title = {Readings of scalar particles noch/still},
    journal = {Language and Philosophy},
    year = {2019},
    pages = {1-67}
}


@book{Burnett2017,
	Author = {Burnett, Heather},
	Date-Added = {2019-04-26 10:37:27 +0200},
	Date-Modified = {2019-04-26 10:38:21 +0200},
	Publisher = {Oxford: Oxford University Press},
	Title = {Gradability in Natural Language: Logical and Grammatical Foundations},
	Year = {2017}
}


@book{Eckardt2006,
	address = {Oxford},
	author = {Eckardt, Regine},
	publisher = {Oxford University Press},
	title = {Meaning Change in Grammaticalization: {A}n Inquiry into Semantic Reanalysis},
	year = {2006}
}


@article{Cobreros2012,
	Author = {Cobreros, Pablo and  Paul Egr{\'e}, David Ripley and Robert van Rooij},
	Date-Added = {2019-04-26 10:38:27 +0200},
	Date-Modified = {2019-04-26 10:39:32 +0200},
	Journal = {Journal of Philosophical Logic},
	Pages = {347-385},
	Title = {Tolerant, classical, strict},
	Volume = {41},
	Year = {2012}}
	
	
@INPROCEEDINGS{Fintel95theformal,
    author = {Kai von Fintel},
    title = {The Formal Semantics of Grammaticalization},
    booktitle = {PROCEEDINGS OF THE NORTH EAST LINGUISTICS SOCIETY 25(2):175–189, URL HTTP://MIT.EDU/FINTEL/WWW/ GRAMMAR.PDF},
    year = {1995},
    publisher = {}
}


@book{vanGelderen2011,
	address = {Oxford},
	author = {van Gelderen, Elly},
	publisher = {Oxford University Press},
	title = {The Linguistic Cycle: Language Change and the Language Faculty},
	year = {2011}
}


@inproceedings{Gergel2016,
  Author={Remus Gergel},
  Booktitle={Modality and gradation: Comparing the sequel of developments in ‘rather’ and ‘eher’},
  Editor = {Elly van Gelderen},
  Pages = {319-350},
  Publisher = {Amsterdam/Philadelphia: John Benjamins},
  Title = {The Linguistic Cycle Continued},
  year={2016}
}


@incollection{Haspelmath1995,
    author={Haspelmath, Martin},
    year={1995},
    title={Diachronic sources of ‘all’ and ‘every’},
    editor={E. Bach and E. Jelinek and A. Kratzer and B. Partee},
    booktitle={Quantification in Natural Languages},
    address={Dordrecht},
    publisher={Kluwer},
    pages={363–382}
}    


@article{Kucerova2012,
  title={Grammatical marking of givenness},
  author={Ku{\v{c}}erov{\'a}, Ivona},
  journal={Natural Language Semantics},
  volume={20},
  number={1},
  pages={1--30},
  year={2012},
  publisher={Springer}
}


@article{umbach2012,
    author = {Umbach, C.},
    title = {Strategies of additivity: {G}erman additive \textit{noch} compared to \textit{auch}},
    journal = {Lingua},
    year = {2012},
    volume = {122},
    number = {15},
    pages = {1843-1863}
}