%Кобозева И. М. (2013) Условия употребления «то» перед придаточным изъ- яснительным с союзом «что» // Olga Inkova (éd.). Du mot au texte. Études
%slavo-romanes. Bern: Peter Lang, с. 131–150.

@incollection{Vincent:1997,
title={{The emergence of the D-system in Romance}},
year={1997},
author={Nigel Vincent},
editor={A. Van Kemenade and N. Vincent},
booktitle={{Parameters of Morphosyntactic Change}},
pages={149--169},
address={Cambridge},
publisher={CUP}
}

@article{Baunaz:2018,
  title={{Decomposing complementizers: The fseq of French, Modern Greek, Serbo-Croatian and Bulgarian complementizers}},
  author={Baunaz, Lena},
  journal={Exploring Nanosyntax},
  pages={149--179},
  year={2018}
}

@incollection{Kobozeva:2013,
author={Irina M. Kobozeva},
year={2013},
title={Conditions on the use of a correlative pronoun ``to'' before complement clauses with ``chto''-complementizer [Uslovja upotreblenija ``to'' pered pridatochnym iz'jasnitel'nym s sojuzom ``chto'']},
editor={Olga Inkova},
booktitle={Du mot au texte, Études slavo-romanes},
address={Bern},
publisher={Peter Lang},
pages={131--150}
}

@article{LabelleHirschbuhler:2018,
  title={{Topic and focus in Old French V1 and V2 structures}},
  author={Labelle, Marie and Hirschbühler, Paul},
  journal={Canadian Journal of Linguistics/Revue canadienne de linguistique},
  volume={63},
  number={2},
  pages={264--287},
  year={2018},
  publisher={Cambridge University Press}
  }

@book{Birner:2012,
  title={Introduction to pragmatics},
  author={Birner, Betty},
  volume={38},
  year={2012},
  publisher={John Wiley \& Sons}
}

@phdthesis{Titov:2012,
  title={Information structure of argument order alternations},
  author={Titov, Elena},
  year={2012},
  school={UCL (University College London)}
}

@article{SimikWierzba:2015,
  title={{The role of givenness, presupposition, and prosody in Czech word order: An experimental study}},
  author={Šimík, Radek and Wierzba, Marta},
  journal={Semantics and Pragmatics},
  volume={8},
  pages={3--1},
  year={2015}
}

@incollection{wals-81,
  address   = {Leipzig},
  author    = {Matthew S. Dryer},
  booktitle = {The World Atlas of Language Structures Online},
  editor    = {Matthew S. Dryer and Martin Haspelmath},
  publisher = {Max Planck Institute for Evolutionary Anthropology},
  title     = {Order of Subject, Object and Verb},
  url       = {https://wals.info/chapter/81},
  year      = {2013}
}

@misc{RNC,
title={{Russian National Corpus}},
year={2019},
url={http://www.ruscorpora.ru/en/index.html},
}

@misc{vonFintel:1996,
author={Kai von Fintel},
year={1996},
title={Specific generics},
note={{Handout from a Linguistics Colloquium given at Rutgers University}},
url={http://mit.edu/fintel/fintel-1996-specific-generics.pdf}
}

@inproceedings{Lee:1995,
  title={An analysis of generic expressions in situation semantics},
  author={Lee, Ik-Hwan},
  booktitle={Proceedings of the 10th Pacific Asia Conference on Language, Information and Computation},
  pages={19--28},
  year={1995}
}

@article{Schwabe:2016,
  title={Sentential proforms and argument conditionals},
  author={Schwabe, Kerstin},
  journal={Inner-sentential propositional proforms. Syntactic properties and interpretative effects},
  pages={211--240},
  year={2016}
}

@article{Giannakidou:2009,
author = {Anastasia Giannakidou},
year = {2009},
title = {The dependency of the subjunctive revisited: temporal semantics and polarity},
journal = {Lingua},
volume = {120},
pages = {1883--1908}
}

@article{Hansen:2016,
  title={{Complementizers in Slavonic (Russian, Polish, and Bulgarian)}},
  author={Hansen, Bjorn and Letuchiya, Alexander and B{\l}aszczyk, Izabela},
  journal={Complementizer semantics in European languages Berlin: Mouton de Gruyter},
  pages={175--223},
  year={2016}
}

@incollection{Korotaev:2016,
author = {Nikolaev A. Korotaev},
title = {Soyuz {\itshape to \v{c}to} v ustnoy russkoy re\v{c}i},
publisher = {Russian State University for the Humanities},
year = {2016},
}

@phdthesis{Katzir:2008,
author={Roni Katzir},
year={2008},
title={Structural competition in grammar},
school={MIT}
}

@article{Roberts:1996,
  title={Information structure in discourse: Towards an integrated formal theory of pragmatics},
  author={Roberts, Craige},
  year={1996},
  volume={49},
  journal={OSU Working Papers in Linguistics},
  pages={91--136},
  publisher={Ohio State University. Department of Linguistics}
}

@inproceedings{Grimm:2014,
  title={Individuating the abstract},
  author={Grimm, Scott},
  booktitle={{Proceedings of Sinn und Bedeutung}},
  volume={18},
  pages={182--200},
  year={2014}
}

@InCollection{Nicolas:2018,
author       =	{Nicolas, David},
title        =	{The Logic of Mass Expressions},
booktitle    =	{The Stanford Encyclopedia of Philosophy},
editor       =	{Edward N. Zalta},
howpublished =	{\url{https://plato.stanford.edu/archives/win2018/entries/logic-massexpress/}},
year         =	{2018},
edition      =	{Winter 2018},
publisher    =	{Metaphysics Research Lab, Stanford University}
}

@incollection{Kupisch:2007,
  title={{Testing the effects of frequency on the rate of learning: determiner use in early French, German, and Italian}},
  author={Kupisch, Tanja},
  booktitle={Frequency effects in language acquisition-defining the limits of frequency as an explanatory concept},
  pages={83--113},
  year={2007},
  editor={Insa G\"{u}lzow and Natalia Gagarina}
}

@incollection{Dryer:2013b,
  address   = {Leipzig},
  author    = {Matthew S. Dryer},
  booktitle = {The World Atlas of Language Structures Online},
  editor    = {Matthew S. Dryer and Martin Haspelmath},
  publisher = {Max Planck Institute for Evolutionary Anthropology},
  title     = {Definite Articles},
  url       = {https://wals.info/chapter/37},
  year      = {2013}
}

@incollection{Dryer:2013,
  address   = {Leipzig},
  author    = {Matthew S. Dryer},
  booktitle = {The World Atlas of Language Structures Online},
  editor    = {Matthew S. Dryer and Martin Haspelmath},
  publisher = {Max Planck Institute for Evolutionary Anthropology},
  title     = {Indefinite Articles},
  url       = {https://wals.info/chapter/38},
  year      = {2013}
}

@article{LeBruyn:2014,
  title={{Inalienable possession: The semantics of the definite article}},
  author={Le Bruyn, Bert},
  journal={Weak referentiality},
  pages={311--334},
  year={2014}
}

@incollection{Carlier:2013,
  title={{Grammaticalization in progress in Old French: Indefinite articles}},
  author={Carlier, Anne},
  booktitle={{Research on Old French: The state of the art}},
  pages={45--60},
  year={2013},
  publisher={Springer}
}

@techreport{Scontras:2017,
  title={{Probabilistic language understanding: An introduction to the Rational Speech Act framework}},
  author={Gregory Scontras and Michael Henry Tessler and Michael Franke},
  year={2017},
  institution={https://michael-franke.github.io/probLang}
}

@article{FrankGoodman:2012,
  title={Predicting pragmatic reasoning in language games},
  author={Frank, Michael and Goodman, Noah},
  journal={Science},
  volume={336},
  number={6084},
  pages={998--998},
  year={2012},
  publisher={American Association for the Advancement of Science}
}

@book{Chierchia:2013,
  title={{Logic in grammar: Polarity, free choice, and intervention}},
  author={Chierchia, Gennaro},
  year={2013},
  publisher={OUP Oxford}
}

@techreport{Tamburelli:2006,
  title={Remarks on richness},
  author={Tamburelli, Marco},
  year={2006},
  institution={UCL Working Papers in Linguistics},
  pages={439--455},
  volume={18}
}

@misc{Larrivee:2018,
  title={To be or not to be informational: Preverbal complements in Medieval French V2 configurations},
  author={Larrivée, Pierre},
  year={2018},
  note={Manuscript, Université de Caen},
  url={https://www.researchgate.net/publication/328577202_To_be_or_not_to_be_informational_Preverbal_complements_in_Medieval_French_V2_configurations}
}

@article{Blom:2002,
  title={{Word order in Middle Dutch: The interpretation of different types of data}},
  author={Blom, Corrien},
  journal={Linguistics in the Netherlands},
  volume={19},
  number={1},
  pages={13--24},
  year={2002},
  publisher={John Benjamins Publishing Company}
}

@book{vanHorst:2008,
  title={{Geschiedenis van de Nederlandse syntaxis}},
  author={van der Horst, Jan and Van Der Horst, Joop},
  year={2008},
  publisher={Universitaire Pers Leuven}
}

@InCollection{Kratzer:2017,
author={Kratzer, Angelika},
title=	{Situations in Natural Language Semantics},
booktitle={The Stanford Encyclopedia of Philosophy},
editor={Edward N. Zalta},
howpublished=	{\url{https://plato.stanford.edu/archives/win2017/entries/situations-semantics/}},
year={2017},
edition={Winter 2017},
publisher=	{Metaphysics Research Lab, Stanford University}
}

@article{DechaineEtAl:2018,
  title={{The trajectory of $\varphi$-features on Old French D and n}},
  author={Déchaine, Rose-Marie and Dufresne, Monique and Tremblay, Mireille},
  journal={Canadian Journal of Linguistics/Revue canadienne de linguistique},
  volume={63},
  number={2},
  pages={167--193},
  year={2018},
  publisher={Cambridge University Press}
}

@article{DelPinal:2017,
author={Del Pinal, Guillermo},
year={2017},
title={{The logicality of language: a new take on triviality, ``ungrammaticality'', and Logical Form}},
journal={No\^{u}s},
}

@misc{Randall:2010,
author={Randall, Beth},
year={2010},
key={Randall},
title={{CorpusSearch}},
url={http://corpussearch.sourceforge.net/}
}


@article{PanagiotidisMarinis:2011,
  title={{Determiner spreading as DP-predication}},
  author={Phoevos Panagiotidis and Marinis, Theodore},
  journal={Studia Linguistica},
  volume={65},
  number={3},
  pages={268--298},
  year={2011},
  publisher={Wiley Online Library}
}

@article{AlexiadouWilder:1998,
  title={{Adjectival modification and multiple determiners}},
  author={Alexiadou, Artemis and Wilder, Chris},
  journal={{Possessors, Predicates and Movement in the DP}},
  pages={303--332},
  year={1998},
  publisher={Amsterdam: John Benjamins}
}

@article{Toldova:2018,
author={Svetlana Y. Toldova},
title={Kodirovanie pr'amogo dopolneniya v mok\v{s}anskom yazyke},
journal={Acta Linguistica Petropolitana},
year={2017},
volume={3},
url={https://cyberleninka.ru/article/n/kodirovanie-pryamogo-dopolneniya-v-mokshanskom-yazyke}
}

https://cyberleninka.ru/article/n/kodirovanie-pryamogo-dopolneniya-v-mokshanskom-yazyke

@article{Farkas:2013,
  title={A typology of specificity},
  author={Farkas, Donka and Bra\c{s}oveanu, Adrian},
  journal={Revue Roumaine de Linguistique},
  volume={LVIII},
  number={4},
  pages={355--369},
  year={2013}
}

@article{Kramer:2010,
  title={{The Amharic definite marker and the syntax--morphology interface}},
  author={Kramer, Ruth},
  journal={Syntax},
  volume={13},
  number={3},
  pages={196--240},
  year={2010},
  publisher={Wiley Online Library}
}

@article{Huehnergard:2012,
  title={{Third-person possessive suffixes as definite articles in Semitic}},
  author={Huehnergard, John and Na'ama Pat-El},
  journal={Journal of Historical Linguistics},
  volume={2},
  number={1},
  pages={25--51},
  year={2012},
  publisher={John Benjamins Publishing Company}
}

@article{DoronMeir:2015,
  title={{The impact of contact languages on the degrammaticalization of the Hebrew definite article}},
  author={Doron, Edit and Meir, Irit},
  journal={{Journal of Jewish Languages}},
  volume={3},
  number={1-2},
  pages={283--299},
  year={2015},
  publisher={Brill}
}

@article{Rubin:2010,
  title={{The development of the Amharic definite article and an Indonesian parallel}},
  author={Rubin, Aaron},
  journal={Journal of Semitic Studies},
  volume={55},
  number={1},
  pages={103--114},
  year={2010},
  publisher={Oxford University Press}
}

@article{Cornilescu:2016,
  title={{The low definite article and the evolution of the Romanian DP}},
  author={Cornilescu, Alexandra},
  journal={Generative Grammar in Geneva},
  volume={9},
  pages={3--26},
  year={2016}
}

@book{Miller:1992,
  title={Clitics and constituents in phrase structure grammar},
  author={Miller, Philip},
  year={1992},
  publisher={Philip Miller}
}

@book{SpencerLuis:2012,
author={Spencer, Andrew and Ana R. Luis},
year={2012},
title={{Clitics: An introduction}},
address={Cambridge},
publisher={Cambridge University Press},
url={http://dx.doi.org/10.1017/CBO9781139033763}
}

@article{vanPeteghem:2012,
  title={{Possessives and grammaticalization in Romance}},
  author={Van Peteghem, Marleen},
  journal={Folia Linguistica},
  volume={46},
  issue={2},
  year={2012},
  publisher={De Gruyter}
}

@book{Chirikba:2003,
  title={Abkhaz},
  series={Languages of the World/Materials 119},
  author={Chirikba, Viacheslav},
  address={München},
  publisher={Lincom Europa},
  year={2003}
}

@incollection{Heim:2011,
author={Irene Heim},
year={2011},
title={Definiteness and indefiniteness},
editor={Claudia Maienborn and Klaus von Heusinger and Paul Portner},
booktitle={Semantics: An International Handbook of Natural Language Meaning},
publisher={De Gruyter Mouton}
}

@inproceedings{Sauerland:2003a,
  title={A new semantics for number},
  author={Sauerland, Uli},
  booktitle={Semantics and Linguistic Theory},
  volume={13},
  pages={258--275},
  year={2003}
}

@incollection{Takamine:2014,
author={Kaori Takamine},
title={{DP-decomposition Analysis of Japanese Demonstrative {\itshape so}}},
booktitle={Categorization and Category Change},
editor={Iord{\u{a}}chioaia, Gianina and Roy, Isabelle and Takamine, Kaori},
year={2014},
publisher={Cambridge Scholars Publishing}
}

@incollection{BaunazLander:2018,
  title={{Nanosyntax: The Basics}},
  author={Baunaz, Lena and Lander, Eric},
  booktitle={Exploring Nanosyntax},
  year={2018},
  publisher={Oxford University Press}
}

@incollection{Poole:2018,
	Address = {Berlin},
	Author = {Ethan Poole},
	Booktitle = {Proceedings of Sinn und Bedeutung 22},
	Editor = {Sauerland, Uli and Solt, Stephanie},
	Publisher = {Leibniz-Centre General Linguistics},
	Series = {ZASPiL 61},
	Title = {Constraining (shifting) types at the interface},
	Pages = {217-234},
	Volume = {2},
	Year = {2018}}


@article{Pearce:1976,
author = {Elizabeth Pearce},
year = {1976},
journal = {Working Papers in Linguistics},
pages = {1-21},
volume = {2},
title = {{Quantifiers in French: tous, tout, chaque, chacun}},
}

pearce quantifiers in french tous tout

@article{Kleiber:2011,
  title={La quantification universelle en trio: tous les, chaque et tout},
  author={Kleiber, Georges},
  journal={Studii de lingvistic{\u{a}}},
  volume={1},
  number={1},
  year={2011}
}

@inproceedings{Potts:2002,
  title={No vacuous quantification constraints in syntax},
  author={Potts, Christopher},
  booktitle={{Proceedings of the 32nd Annual Meeting of the North East Linguistic Society}},
  volume={32},
  issue={2},
  pages={451--470},
  year={2002},
  organization={Citeseer}
}

@article{Marchello:2018,
  title={{De S0 {\`a} SV: Vers le sujet obligatoire et antéposé en fran{\c{c}}ais, les derni{\`e}res phases d'un changement}},
  author={Marchello-Nizia, Christiane},
  journal={Journal of French Language Studies},
  volume={28},
  number={1},
  pages={1--19},
  year={2018},
  publisher={Cambridge University Press}
}

@book{Agresti:2002,
  title={{Categorical data analysis}},
  author={Agresti, Alan},
  year={2002},
  publisher={John Wiley \& Sons}
}

@article{GronnSabo:2012,
  title={{A, the, another: A game of same and different}},
  author={Gr{\o}nn, Atle and S{\ae}b{\o}, Kjell Johan},
  journal={Journal of Logic, Language and Information},
  volume={21},
  number={1},
  pages={75--95},
  year={2012},
  publisher={Springer}
}

@article{Buring:2003,
  title={{On D-trees, beans, and B-accents}},
  author={Büring, Daniel},
  journal={Linguistics and Philosophy},
  volume={26},
  number={5},
  pages={511--545},
  year={2003},
  publisher={Springer}
}

@book{Lambrecht:1996,
  title={{Information structure and sentence form: Topic, focus, and the mental representations of discourse referents}},
  author={Lambrecht, Knud},
  volume={71},
  year={1996},
  publisher={Cambridge university press}
}

@inproceedings{RinkeMeisel:2009,
  title={{Subject-inversion in Old French: Syntax and information structure}},
  author={Rinke, Esther and Meisel, Jürgen M.},
  booktitle={{Proceedings of the Workshop ``Null-subjects, expletives, and locatives in Romance''}},
  editor={G. A. Kaiser and E.-M. Remberger},
  address={Kostanz},
  publisher={Fachbereich Sprachwissenschaft, Universität Konstanz},
  pages={93--130},
  year={2009}
}

@incollection{KaiserZimmermann:2011,
year = {2011},
author = {Georg Kaiser and Michael Zimmermann},
title = {{On the decrease in subject-verb inversion in French declaratives}},
booktitle = {{The development of grammar: language acquisition and diachronic change; in honour of J\"{u}rgen M. Meisel}},
editor = {Esther Rinke and Tanja Kupisch},
address = {Amsterdam},
publisher = {Benjamins},
pages = {355--382}
}

@article{Kucerova:2012,
  title={Grammatical marking of givenness},
  author={Ku{\v{c}}erov{\'a}, Ivona},
  journal={Natural Language Semantics},
  volume={20},
  number={1},
  pages={1--30},
  year={2012},
  publisher={Springer}
}

@article{Schwarzschild:1999,
  title={{GIVENness, AvoidF and other constraints on the placement of accent}},
  author={Schwarzschild, Roger},
  journal={Natural Language Semantics},
  volume={7},
  number={2},
  pages={141--177},
  year={1999},
  publisher={Springer}
}

@inproceedings{Sauerland:2005,
  title={Don't interpret focus!},
  author={Sauerland, Uli},
  booktitle={{Proceedings of Sinn und Bedeutung}},
  volume={9},
  pages={370--84},
  year={2005}
}

@misc{Kriz:2017,
  title={{Interpreting Plural Predication: Homogeneity and Non-Maximality}},
  author={Kri{\v{z}}, Manuel and Spector, Benjamin},
  note={Manuscript, Institut Jean-Nicod},
  url={https://ling.auf.net/lingbuzz/003458},
  year={2017}
}

@book{Partee:1990,
  title={Mathematical methods in linguistics},
  author={Partee, Barbara and ter Meulen, Alice G and Wall, Robert},
  year={1990},
  publisher={Kluwer},
  address={Dodrecht}
}

@article{Kennedy:1997,
  title={Antecedent-contained deletion and the syntax of quantification},
  author={Kennedy, Christopher},
  journal={Linguistic Inquiry},
  pages={662--688},
  year={1997},
  publisher={JSTOR}
}

@incollection{Kratzer:1995,
author={Kratzer, Angelika},
year={1995},
title={{Stage-Level and Individual-Level Predicates as Inherent Generics}},
editor={Gregory N. Carlson and Francis Jeffry Pelletier},
booktitle={The Generic Book},
pages={125--75},
address={Chicago, IL},
publisher={University of Chicago Press}
}

@incollection{Keenan:1987,
author = {Keenan, Edward},
year = {1987},
title = {{On the semantic definition of ``indefinite NP''}},
editor = {E. J. Reuland and A. G. B. ter Meulen},
pages = {286-317}
}

@article{Higginbotham:1983,
author = {Higginbotham, Jim},
year = {1983},
title = {The Logic of Perceptual Reports: An Extensional Alternative to Situation Semantics},
journal = {Journal of Philosophy},
volume = {80},
pages = {100--127}
}

@phdthesis{Milsark:1974,
author = {Milsark, Gary},
year = {1974},
title = {Existential Sentences in English},
school = {MIT}
}

@book{Alhoniemi:1993,
year = {1993},
author = {Alhoniemi, A.},
title =  {{Grammatik des Tscheremissischen (Mari): Mit Texten und Glossar}},
publisher = {Buske Verlag}
}

@article{Carlier:2001,
  title={La gen\`{e}se de l'article ``un''},
  author={Carlier, Anne},
  journal={Langue fran{\c{c}}aise},
  pages={65--88},
  year={2001},
  publisher={JSTOR}
}

@book{Corblin:1987,
  title={Indéfini, défini et démonstratif: constructions linguistiques de la référence},
  author={Corblin, Francis},
  year={1987},
  publisher={Droz}
}

@misc{RouillardSchwarz:2017,
author={Vincent Rouillard and Bernhard Schwarz},
title={{Presuppositional implicatures: Quantity or Maximize Presupposition?}},
year={2017},
note={Poster presented at Sinn und Bedeutung 22, Berlin/Potsdam, September 7-10}
}

@incollection{vonFintel:2004,
  title={{Would you believe it? The King of France is back! (Presuppositions and truth-value intuitions)}},
  author={Von Fintel, Kai},
  booktitle={{Descriptions and Beyond}},
  editor={M. Reimer and A. Bezuidenhout},
  year={2004},
  publisher={Oxford University Press},
  address={Oxford}
}

@book{Burridge:1993,
  title={{Syntactic change in Germanic: Aspects of language change in Germanic with particular reference to Middle Dutch}},
  author={Burridge, Kate},
  volume={89},
  year={1993},
  publisher={John Benjamins}
}

@article{vanVelde:2010,
  title={{The emergence of the determiner in the Dutch NP}},
  author={Van de Velde, Freek},
  journal={Linguistics},
  volume={48},
  number={2},
  pages={263-299},
  year={2010}
}

@book{Carnap:1947,
author={Rudolf Carnap},
year={1947},
title={Meaning and Necessity},
address={Chicago},
publisher={The University of Chicago Press}
}

@article{Long:2008,
  title={{Individual differences in syntactic ambiguity resolution: Readers vary in their use of plausibility information}},
  author={Long, Debra L. and Prat, Chantel S.},
  journal={Memory \& Cognition},
  volume={36},
  number={2},
  pages={375-391},
  year={2008},
  publisher={Springer}
}

@article{Hawkins:1990,
  title={A parsing theory of word order universals},
  author={Hawkins, John},
  journal={Linguistic Inquiry},
  volume={21},
  number={2},
  pages={223-261},
  year={1990},
  publisher={JSTOR}
}

@article{SantestebanEtAl:2015,
  title={{Effects of case-marking and head position on language production? Evidence from an ergative OV language}},
  author={Santesteban, Mikel and Pickering, Martin and Laka, Itziar and Branigan, Holly},
  journal={Language, cognition and neuroscience},
  volume={30},
  number={9},
  pages={1175-1186},
  year={2015},
  publisher={Taylor \& Francis}
}

@article{Hujanen:1997,
  title={{Effects of case marking and word order on sentence parsing in Finnish: An eye fixation analysis}},
  author={Hujanen, Jukka Hyona Heli},
  journal={The Quarterly Journal of Experimental Psychology: Section A},
  volume={50},
  number={4},
  pages={841-858},
  year={1997},
  publisher={Taylor \& Francis}
}

@article{Yamashita:1997,
  title={{The effects of word-order and case marking information on the processing of Japanese}},
  author={Yamashita, Hiroko},
  journal={Journal of Psycholinguistic Research},
  volume={26},
  number={2},
  pages={163-188},
  year={1997},
  publisher={Springer}
}

@incollection{MazukaLust:1990,
  title={{On parameter setting and parsing: Predictions for cross-linguistic differences in adult and child processing}},
  author={Mazuka, Reiko and Lust, Barbara},
  booktitle={Language processing and language acquisition},
  pages={163-205},
  year={1990},
  publisher={Springer},
  editor={Lyn Frazier and Jill De Villiers}
}

@article{Greenberg:1960,
  title={A quantitative approach to the morphological typology of language},
  author={Greenberg, Joseph},
  journal={International journal of American linguistics},
  volume={26},
  number={3},
  pages={178-194},
  year={1960},
  publisher={Indiana University}
}

@phdthesis{Stevens:2008,
  title={{Semantic Change and the Old English Demonstrative}},
  author={Stevens, Jon},
  year={2008},
  school={Ohio State University}
}

@phdthesis{Sommerer:2011,
  title={{Old English {\itshape se} from Demonstrative to Article. A usage-based study of nominal determination and category emergence}},
  author={Sommerer, Lotte},
  year={2011},
  school={Universit{\"a}t Wien}
}

@incollection{Sauerland:2008,
  title={Implicated presuppositions},
  booktitle={{Sentence and Context}},
  author={Sauerland, Uli},
  pages={581-600},
  editor={Anita Steube},
  year={2008},
  publisher={Mouton de Gruyter},
  address={Berlin}
}

@article{Abusch:2008,
  title={Focus presuppositions},
  author={Abusch, Dorit},
  journal={Acta Linguistica Hungarica},
  volume={55},
  number={3-4},
  pages={319-330},
  year={2008},
  publisher={Akadémiai Kiad{\'o}}
}

@article{FSchwarz:2013,
  title={Two kinds of definites cross-linguistically},
  author={Schwarz, Florian},
  journal={Language and Linguistics Compass},
  volume={7},
  number={10},
  pages={534-559},
  year={2013},
  publisher={Wiley Online Library}
}

@inproceedings{Theiler:2017,
  title={What's wrong with believing whether},
  author={Theiler, Nadine and Roelofsen, Floris and Aloni, Maria},
  booktitle={{Semantics and Linguistic Theory}},
  volume={27},
  pages={248-265},
  year={2017}
}

@article{Mayr:2013,
  title={Intervention effects and additivity},
  author={Mayr, Clemens},
  journal={Journal of Semantics},
  volume={31},
  number={4},
  pages={513-554},
  year={2013},
  publisher={Oxford University Press}
}

@inproceedings{UegakiSudo:2017,
title={{The anti-rogativity of non-veridical preferential predicates}},
year={2017},
booktitle={Proceedings of the 21st Amsterdam Colloquium},
author={Wataru Uegaki and Yasutada Sudo},
pages={492-501}
}


@article{Schlenker:2009,
  title={Local contexts},
  author={Schlenker, Philippe},
  journal={Semantics and Pragmatics},
  volume={2},
  issue={3},
  pages={1-78},
  year={2009}
}

@article{Jager:2012,
  title={Game theory in semantics and pragmatics},
  author={J{\"a}ger, Gerhard},
  journal={{Semantics: An International Handbook of Natural Language Meaning}},
  volume={3},
  pages={2487-2425},
  year={2012},
  publisher={Mouton de Gruyter Berlin}
}

@inproceedings{Spector:2017,
title={{The pragmatics of plural predication: Homogeneity and Non-Maximality within the Rational Speech Act Model}},
year={2017},
booktitle={Proceedings of the 21st Amsterdam Colloquium},
author={Benjamin Spector},
pages={435-444}
}

@incollection{KrochTaylor:2000,
  title={{Verb-object order in early Middle English}},
  author={Kroch, Anthony and Taylor, Ann},
  booktitle={{Diachronic Syntax: Models and Mechanisms}},
  editor={Pintzuk, Susan and Tsoulas, George and Warner, Anthony},
  publisher={Oxford University Press on Demand},
  pages={132-163},
  year={2000}
}

@article{Malamud:2012,
  title={{The meaning of plural definites: A decision-theoretic approach}},
  author={Malamud, Sophia},
  journal={Semantics and Pragmatics},
  volume={5},
  number={3},
  pages={1-58},
  year={2012},
  publisher={Directory of Open Access Journals}
}

@article{Goodman:2013,
  title={{Knowledge and implicature: Modeling language understanding as social cognition}},
  author={Goodman, Noah D and Stuhlmüller, Andreas},
  journal={Topics in Cognitive Science},
  volume={5},
  number={1},
  pages={173-184},
  year={2013},
  publisher={Wiley Online Library}
}

@inproceedings{Yanovich:2016,
  title={Genetic drift explains Sapir's ``drift'' in semantic change},
  author={Yanovich, Igor},
  booktitle={{The Evolution of Language: Proceedings of the 11th International Conference (EVOLANG11)}},
  pages={321-329},
  year={2016}
}

@incollection{DAlessandro:2015,
author = {Roberta D'Alessandro},
year = {2015},
title = {Null Subject},
editor = {Antonio F\'{a}bregas and Jaume Mateu and Michael Putnam},
booktitle = {{Contemporary Linguistic Parameters}},
address = {London},
publisher = {Bloomsbury Press}
}

@article{Bobaljik:2002,
  title={Realizing Germanic inflection: Why morphology does not drive syntax},
  author={Bobaljik, Jonathan David},
  journal={The Journal of Comparative Germanic Linguistics},
  volume={6},
  number={2},
  pages={129-167},
  year={2002},
  publisher={Springer}
}

@phdthesis{Gilligan:1987,
author={Gilligan, Gary Martin},
year={1987},
title={{A Cross-Linguistic Approach to the Pro-drop Parameter}},
school={University of Southern California},
}

@book{Rizzi:1982,
  title={{Issues in Italian syntax}},
  author={Rizzi, Luigi},
  volume={11},
  year={1982},
  publisher={Walter de Gruyter}
}

@article{Meyerhoff:2000,
  title={The emergence of creole subject-verb agreement and the licensing of null subjects},
  author={Meyerhoff, Miriam},
  journal={Language Variation and Change},
  volume={12},
  number={2},
  pages={203-230},
  year={2000},
  publisher={Cambridge University Press}
}

@article{Diesing:1992,
  title={Bare plural subjects and the derivation of logical representations},
  author={Diesing, Molly},
  journal={Linguistic Inquiry},
  volume={23},
  number={3},
  pages={353-380},
  year={1992},
  publisher={JSTOR}
}

@misc{Schwarz:2017,
title={On the locus of question exhaustification},
author={Bernhard Schwarz},
note={Handout for a talk at the 48th Annual Meeting of the North East Linguistic Society},
year={2017}
}

@article{Unger:1977,
  title={The uniqueness in causation},
  author={Unger, Peter},
  journal={American Philosophical Quarterly},
  volume={14},
  number={3},
  pages={177-188},
  year={1977},
  publisher={JSTOR}
}

@article{Saeboe:2016,
  title={``How'' questions and the manner-method distinction},
  author={S{\ae}b{\o}, Kjell Johan},
  journal={Synthese},
  volume={193},
  number={10},
  pages={3169-3194},
  year={2016},
  publisher={Springer}
}

@book{Skow:2016,
  title={Reasons why},
  author={Skow, Bradford},
  year={2016},
  publisher={Oxford University Press}
}

@article{Lewis:1974,
  title={Causation},
  author={Lewis, David},
  journal={The Journal of Philosophy},
  volume={70},
  number={17},
  pages={556-567},
  year={1974}
}

@incollection{Higginbotham:1993,
author = {James Higginbotham},
year = {1993},
title = {{Interrogatives}},
booktitle = {The View from Building 20},
editor = {Kenneth Hale and S. Jay Keyser},
publisher = {MIT Press},
address = {Cambridge},
pages = {195-227}}


@incollection{Harris:2014,
author={Harris, Jesse A.},
year={2014},
title={Who else but Sarah?},
booktitle={{Connectedness: Papers in celebration of Sarah Vanwagenen}},
editor={Carson Sch\"{u}tze and Linnaea Stockall},
volume={18},
pages={175-187}
}

@book{Stanley:2011,
  title={Know how},
  author={Stanley, Jason},
  year={2011},
  publisher={Oxford University Press on Demand}
}


@article{Barker:2013,
  title={Scopability and sluicing},
  author={Barker, Chris},
  journal={Linguistics and Philosophy},
  volume={36},
  number={3},
  pages={187-223},
  year={2013},
  publisher={Springer}
}

@incollection{DuBois:2003,
author={Du Bois, John W.},
year= {2003},
title={{Argument structure: Grammar in use}},
editor={J. W. Du Bois},
booktitle={{Preferred argument structure. Grammar as architecture for function}},
pages={11-60},
address={Amsterdam},
publisher={John Benjamins}
}

@inproceedings{AbeilleEtAl:2008,
author={Anne Abeillé and Godard, Dani\`{e}le and Sabio, Frédéric},
title={{Deux constructions \`{a} SN antéposé en fran\c{c}ais}},
year={2008},
editor={Jacques Durand and Beno\^{i}t Habert and Bernard Laks},
booktitle={Congr\`{e}s mondial de Linguistique fran\c{c}aise ({CMLF08})},
address={Paris},
pages={2361-2376},
publisher={Institut de Linguistique Fran\c{c}aise}
}

@inproceedings{Guillot:2017,
  title={Représentation de l'oral en fran{\c{c}}ais médiéval et genres textuels},
  author={Guillot-Barbance, Céline and Pincemin, Bénédicte and Lavrentiev, Alexei},
  booktitle={Autour du clivage langue parlée/langue écrite du latin au fran{\c{c}}ais},
  address={Clermont-Ferrand, France},
  year={2017}
}

@book{LogorgetteLarrivee:2013,
year={2013},
author={Lagorgette, Dominique and Larrivée, Pierre},
title={Représentations du sens linguistique 5},
publisher={Université de Savoie}
}


@inproceedings{Dufter:2010,
  title={Subordination et expression du sujet en ancien fran{\c{c}}ais},
  author={Dufter, Andreas},
  journal={Maria Iliescu and Heidi M. Siller-Runggaldier and Paul Danler},
  booktitle={{Actes du XXVe Congr{\`e}s International de Linguistique et de Philologie Romanes (Innsbruck, 3-8 septembre 2007)}},
  volume={2},
  pages={443-458},
  year={2010}
}

@article{Rouveret:2004,
  title={Les clitiques pronominaux et la périphérie gauche en ancien fran{\c{c}}ais},
  author={Rouveret, Alain},
  journal={Bulletin de la Société de Linguistique de Paris},
  volume={99},
  number={1},
  pages={181-237},
  year={2004}
}

@incollection{GlikmanMazziotta:2013,
title={Répresentation de l'oral et syntaxe dans la prose du {{\itshape Queste del saint Graal (1225-1230)}}},
year={2013},
author={Julie Glikman and Nicolas Mazziotta},
editor={Lagorgette, Dominique and Larrivée, Pierre},
booktitle={Représentations du sens linguistique 5},
pages={69-90},
publisher={Université de Savoie}
}

@inproceedings{PassarottiEtAl:2015,
author={Marco Passarotti and Barbara McGillivray and David Bamman},
title={{A treebank-based study on Latin Word Order}},
editor={Gerd Haverling},
booktitle={{Latin Linguistics in the Early 21st Century. Acts of the 16th International Colloquium on Latin Linguistics}},
address={Uppsala},
year={2015},
publisher={Uppsala Universitet},
pages={338-350}
}

@misc{Kashkin:2018,
author={Egor Kashkin},
year={Forthcoming},
title={Definiteness in Moksha},
note={To appear in {\itshape Elements of Moksha language in a typological perspective}},
}

@misc{Tvica:2017,
title={On minimal person and number features},
author={Seid Tvica},
year={2017},
url={https://www.academia.edu/23278325/On\_the\_universality\_of\_person\_and\_number},
note={Unpublished manuscript}
}

@incollection{Lobo:2016,
author={Maria Lobo},
year={2016},
title={{Sujeitos nulos. Gram\'{a}tica do adulto, aquisi\c{c}\~{a}o de L1 e varia\c{c}\~{a}o dialectal}},
editor={Ana Maria Martins and Ernestina Carrilho},
booktitle={{Manual de lingu\'{i}stica portuguesa (Manuals of Romance Linguistics)}},
address={Berlin \& Boston},
publisher={Mouton de Gruyter},
volume={16},
pages={558-580}
}

@article{Newmeyer:2004,
  title={Against a parameter-setting approach to typological variation},
  author={Newmeyer, Frederick J.},
  journal={Linguistic Variation Yearbook},
  volume={4},
  number={1},
  pages={181-234},
  year={2004},
  publisher={John Benjamins}
}

@book{BaunasEtAl:2018,
author={Baunaz, Lena and De Clercq, Karen and Haegeman, Liliane and Lander, Eric},
year={Forthcoming},
title={{Exploring Nanosyntax}},
publisher={OUP}
}

@phdthesis{Kelepir:2001,
  title={{Topics in Turkish syntax: Clausal structure and scope}},
  author={Kelepir, Meltem},
  year={2001},
  school={Massachusetts Institute of Technology}
}

article{Kennelly:2003,
  title={The implications of quantification for the role of focus in discourse structure},
  author={Kennelly, Sarah D},
  journal={Lingua},
  volume={113},
  number={11},
  pages={1055-1088},
  year={2003},
  publisher={Elsevier}
}

@book{Skrzypek:2012,
  title={{Grammaticalization of (in)definiteness in Swedish}},
  author={Skrzypek, Dominika},
  year={2012},
  publisher={Wydawnictwo Naukowe UAM}
}

@incollection{Pfaff:2012,
author={Pfaff, Alexander},
year={2012},
title={{On the three sources of adnominal adjectives. Evidence from Icelandic}},
booktitle={Adjectives in Germanic and Romance: variation and change},
editor={Freek Van de Velde and Petra Sleeman and Harry Perridon},
series={Linguistik Aktuell},
publisher={Benjamins},
address={Amsterdam \& Philadelphia}
}

@article{Bumford:2017,
  title={{Split-scope definites: Relative superlatives and Haddock descriptions}},
  author={Bumford, Dylan},
  journal={Linguistics and Philosophy},
  pages={1-45},
  year={2017},
  publisher={Springer}
}

@inproceedings{BoschEtAl:2003,
  title={{Demonstrative pronouns and personal pronouns. German \textit{der} vs. \textit{er}}},
  author={Bosch, Peter and Rozario, Tom and Zhao, Yufan},
  booktitle={In Proceedings of the EACL 2003. Budapest. Workshop on The Computational Treatment of Anaphora},
  pages={61-68},
  year={2003}
}

@article{StevensLight:2013,
  title={{The pragmatics of direct object fronting in historical English}},
  author={Stevens, Jon and Light, Caitlin},
  journal={University of Pennsylvania Working Papers in Linguistics},
  volume={19},
  number={1},
  pages={23},
  year={2013}
}

@book{Danckaert:2012,
author={Danckaert, Lieven},
year={2012},
title={{Latin embedded clauses: the left periphery}},
address={Amsterdam},
publisher={Benjamins}
}

@inproceedings{AvanziEtAl:2012,
title={Extra-Sentential Elements, Prosodic Restructuring, and Information Structure: A Study of Clitic-Left Dislocation in Spontaneous French},
year={2012},
author={Mathieu Avanzi and Lisa Brunetti and Cédric Gendrot},
booktitle={Proceedings of Speech Prosody 2012},
pages={270-273},
}

@phdthesis{Sigler:1996,
  title={{Specificity and agreement in standard Western Armenian}},
  author={Sigler, Michele},
  year={1997},
  school={Massachusetts Institute of Technology}
}

@article{Nicolae:2015b,
  title={{On the Syntactic Specialization of Romanian Demonstratives and the Grammaticalization of the article cel}},
  author={Nicolae, Alexandru},
  journal={Revue roumaine de linguistique},
  pages={47-70},
  year={2015}
}

@incollection{Nicolae:2015a,
  booktitle={{Formal Approaches to DPs in Old Romanian}},
  author={Alexandru Nicolae},
  editor={Virginia Hill},
  title={{The Parameter of Definiteness in Romanian: Diachronic and Synchronic Evidence}},
  year={2015},
  publisher={Brill}
}

@article{Belyaev:2009,
  title={{Semantics of noun-determination in Persian}},
  author={Belyaev, Oleg},
  year={2009},
  publisher={Citeseer}
}

@book{Ramchand:2008,
author={Gillian Ramchand},
year={2008},
title={{Verb Meaning and the Lexicon: A First Phase Syntax}},
publisher={Cambridge University Press},
address={Cambridge}
}

@mastersthesis{Workneh:2011,
  title={{DP internal agreement in Amharic: A Reverse Agree solution}},
  author={Workneh, Desalegn Belaynew},
  year={2011},
  school={Universitetet i Troms{\o}}
}

@article{KornfiltVanHeusinger:2009,
  title={Specificity and partitivity in some Altaic languages},
  author={Kornfilt, Jaklin and von Heusinger, Klaus},
  journal={MIT Working Papers in Linguistics},
  volume={58},
  pages={19-40},
  year={2009},
  publisher={Department of Linguistics and Philosophy, Massachusetts Institute of Technology}
}

@article{vonHeusingerKornfilt:2005,
  title={The case of the direct object in Turkish: Semantics, syntax and morphology},
  author={Von Heusinger, Klaus and Kornfilt, Jaklin},
  journal={Turkic languages},
  volume={9},
  pages={3-44},
  year={2005}
}

@book{Danckaert:2017,
  title={{The Development of Latin Clause Structure: A Study of the Extended Verb Phrase}},
  author={Danckaert, Lieven},
  volume={24},
  year={2017},
  publisher={Oxford University Press}
}

@inproceedings{Zulaica:2011,
  title={{On the Information Status of Antecedents: Referring Expressions Compared}},
  author={Zulaica-Hern{\'a}ndez, Iker and Gutiérrez-Rexach, Javier},
  booktitle={{Proceedings of the Workshop {\itshape Beyond Semantics: Corpus-based Investigations of Pragmatic and Discourse Phenomena}, G{\"o}ttingen, Germany}},
  pages={23-25},
  year={2011}
}

@article{Dillon:2015,
  title={{The Relationship Between Anaphor Features and Antecedent Retrieval: Comparing Mandarin Ziji and Ta-Ziji}},
  author={Dillon, Brian and Chow, Wing-Yee and Xiang, Ming},
  journal={Frontiers in Psychology},
  volume={6},
  year={2015},
  publisher={Frontiers Media SA}
}

@article{Enc:1986,
  title={{Topic switching and pronominal subjects in Turkish}},
  author={En{\c{c}}, Mürvet},
  journal={Studies in Turkish linguistics},
  volume={8},
  pages={195-208},
  year={1986},
  publisher={John Benjamins},
  address={Amsterdam, Philadelphia}
}

@article{Chomsky:1991,
  title={Some notes on the economy of derivation},
  author={Chomsky, Noam},
  journal={Principles and parameters in comparative grammar},
  pages={417-454},
  year={1991},
  publisher={The MIT Press},
  address={Cambridge, MA}
}

@incollection{Lee:2006,
author={Chungmin Lee},
year={2006},
title={Contrastive (predicate) Topic, Intonation, and Scalar Meanings},
editor={Chungmin Lee and Matt Gordon and Daniel Buring},
booktitle={Topic and Focus: Crosslinguistic Perspectives on Meaning and Intonation},
publisher={Springer},
pages={151-175},
}

@article{Caha:2013,
  title={{Explaining the structure of case paradigms by the mechanisms of Nanosyntax}},
  author={Caha, Pavel},
  journal={Natural Language \& Linguistic Theory},
  volume={31},
  number={4},
  pages={1015-1066},
  year={2013},
  publisher={Springer}
}

@article{Tsubomoto:2000,
  title={A type of head-in-situ construction in English},
  author={Tsubomoto, Atsur{\^o} and Whitman, John},
  journal={Linguistic Inquiry},
  volume={31},
  number={1},
  pages={176-183},
  year={2000},
  publisher={MIT Press}
}

@phdthesis{Guimaraes:2004,
author={Guimar\~{a}es, Maximiliano M.},
year = {2004},
title = {Derivation and representation of syntactic amalgams},
school={University of Maryland}
}

@article{Jimenez:2016,
  title={When discourse met null subjects},
  author={Jiménez-Fern\'{a}ndez, \'{A}ngel},
  journal={Borealis-An International Journal of Hispanic Linguistics},
  volume={5},
  number={2},
  pages={173-189},
  year={2016}
}

@mastersThesis{Smith:2013,
  title={{Pro-Drop and Word-Order Variation in Brazilian Portuguese: A Corpus Study}},
  author={Smith, Stewart Daniel},
  year={2013},
  school={Brigham Young University-Provo}
}

@inproceedings{Massam:2012,
  title={{Radical Pro-drop in Niuean}},
  author={Massam, Diane and Peter, Victoria and Wang, Lianna},
  booktitle={Proceedings of the 2012 Annual Conference of the Canadian Linguistic Association},
  pages={1-10},
  year={2012}
}

@phdthesis{Barbosa:1995,
  title={Null subjects},
  author={Barbosa, Pilar},
  school={University of Massachusetts, Amherst},
  year={1995}
}

@article{Jelinek:1984,
  title={Empty categories, case, and configurationality},
  author={Jelinek, Eloise},
  journal={Natural Language \& Linguistic Theory},
  volume={2},
  number={1},
  pages={39-76},
  year={1984},
  publisher={Springer}
}

@article{Hamblin:1973,
  title={{Questions in Montague English}},
  author={Hamblin, Charles},
  journal={Foundations of Language},
  volume={10},
  number={1},
  pages={41-53},
  year={1973},
  publisher={JSTOR}
}

@inproceedings{Bylinina:2010,
  title={{Depreciative Indefinites: Evidence from Russian}},
  author={Bylinina, Elizaveta},
  booktitle={{Proceedings of the Formal Descriptions of Slavic Languages 7.5}},
  year={2010},
}

@inproceedings{TesteletsBylinina:2005,
  title={Sluicing-Based Indefinites in Russian},
  author={Testelets, Yakov G. and Bylinina, Elizaveta},
  journal={Franks S., Gladney FY, Tasseva-Kurkchieva},
  booktitle={{Proceedigns of Formal Approaches to Slavic Linguistics}},
  volume={13},
  pages={355-364},
  year={2005}
}

@book{Haspelmath:1997,
title={Indefinite Pronouns},
publisher={Oxford University Press},
address={Oxford},
year={1997}
}

@inproceedings{Lakoff:1974,
  title={Syntactic amalgams},
  author={Lakoff, George},
  booktitle={{Papers from the Tenth Annual Meeting of the Chicago Linguistic Society}},
  year={1974}
}

@incollection{Muller:2006,
  title={Pro-drop and impoverishment},
  author={Müller, Gereon},
  booktitle={{Form, Structure, and Grammar. A Festschrift Presented to Günther Grewendorf on Occasion of his 60th Birthday}},
 publisher={Akademie Verlag},
 address={Berlin},
  pages={93-115},
  year={2006}
}

@article{Szabolcsi:1986,
  title={Comparative superlatives},
  author={Szabolcsi, Anna},
  journal={MIT Working papers in Linguistics},
  volume={8},
  pages={245-265},
  year={1986}
}

@book{Mitchell:1985,
  title={{Old English syntax}},
  author={Bruce Mitchell},
  year={1985},
  publisher={Clarendon Press},
  address={Oxford}
}

@article{WalkdenRusten:2017,
  title={{Null subjects in Middle English}},
  author={Walkden, George and Rusten, Kristian},
  journal={English Language and Linguistics},
  pages={439-473},
  volume={21},
  number={3},
  year={2017},
  publisher={Cambridge University Press}
}

@article{Kluck:2008,
  title={Intertwined clauses, interacting propositions},
  author={Kluck, Marlies},
  journal={{Proceedings of ConSOLE XVI}},
  volume={77},
  pages={101},
  year={2008},
  publisher={Citeseer}
}

@article{Bizzarri:2015,
author={Camilla Bizzarri},
year={2015},
title={Russian as a Partial Pro-Drop Language: Data and Analysis from a New Study},
journal={Annali di Ca' Foscari. Serie occidentale},
volume={49}
}

@article{Pintzuk:1995,
  title={{Variation and change in Old English clause structure}},
  author={Pintzuk, Susan},
  journal={Language Variation and Change},
  volume={7},
  number={02},
  pages={229-260},
  year={1995},
  publisher={Cambridge University Press}
}

@article{Santorini:1993,
  title={{The rate of phrase structure change in the history of Yiddish}},
  author={Santorini, Beatrice},
  journal={Language Variation and Change},
  volume={5},
  number={03},
  pages={257-283},
  year={1993},
  publisher={Cambridge University Press}
}

@article{Paolillo:2011,
  title={Independence claims in linguistics},
  author={Paolillo, John C.},
  journal={Language Variation and Change},
  volume={23},
  number={02},
  pages={257-274},
  year={2011},
  publisher={Cambridge University Press}
}

@incollection{Pintzuk:2004,
  title={Variationist approaches to syntactic change},
  author={Pintzuk, Susan},
  booktitle={The Handbook of Historical Linguistics},
  editor={Brian D. Joseph and Richard D. Janda},
  pages={509-528},
  year={2004},
  publisher={Wiley Online Library}
}

@article{NagyHeap:1998,
  title={Francoproven{\c{c}}al null subjects and constraint interaction},
  author={Nagy, Naomi and Heap, David},
  journal={CLS},
  volume={34},
  pages={151-166},
  year={1998}
}

@inproceedings{Carvalho:2011,
  title={{Subject pronoun expression in a variety of Spanish in contact with Portuguese}},
  author={Carvalho, Ana M. and Child, Michael},
  booktitle={{Selected Proceedings of the 5th Workshop on Spanish Sociolinguistics}},
  pages={14-25},
  year={2011}
}

@article{Danon:2001,
  title={{Syntactic definiteness in the grammar of Modern Hebrew}},
  author={Danon, Gabi},
  journal={Linguistics},
  volume={39},
  number={6; ISSU 376},
  pages={1071-1116},
  year={2001},
  publisher={Walter de Gruyter \& Co.}
}

@article{DobrovieSorinGiurgea:2006,
  title={{The suffixation of definite articles in Balkan languages}},
  author={Dobrovie-Sorin, Carmen and Giurgea, Ion},
  journal={Revue roumaine de linguistique},
  volume={1},
  pages={113-135},
  year={2006}
}

@incollection{Ledgeway:2017,
  title={{The Romanian definite article in a comparative Romance perspective}},
  author={Ledgeway, Adam},
  booktitle={Sintaxa ca mod de a fi. Omagiu Gabrielei Pan{\u{a}} Dindelegan, la aniversare},
  editor={Adina Dragomirescu and Alexandru Nicolae and Camelia Stan and Rodica Zafiu},
  publisher={Editura Universit{\u{a}}\c{t}ii din Bucure\c{s}ti},
  year={2017}
}

@book{Hill:2015,
  title={{Formal Approaches to DPs in Old Romanian}},
  editor={Hill, Virginia},
  year={2015},
  publisher={Brill}
}

@article{CoppockEngdahl:2016,
  title={{Quasi-definites in Swedish: Elative superlatives and emphatic assertion}},
  author={Coppock, Elizabeth and Engdahl, Elisabet},
  journal={Natural Language \& Linguistic Theory},
  volume={34},
  number={4},
  pages={1181-1243},
  year={2016},
  publisher={Springer}
}

@incollection{Beck:2007,
  title={Quantifier dependent readings of anaphoric presuppositions},
  author={Beck, Sigrid},
  booktitle={Presupposition and implicature in compositional semantics},
  editor={{Sauerland, Uli and Stateva, Penka}},
  pages={12-33},
  year={2007},
  publisher={Springer}
}

@article{Delfitto:1991,
  title={{Bare Plurals and the Number Affix in DP's}},
  author={Delfitto, Denis and Schroten, Jan},
  journal={Probus},
  volume={3},
  issue={2},
  year={1991}
}

@incollection{Boucher:2005,
  title={{Definite Reference in Old and Modern French: The rise and fall of DP}},
  author={Boucher, Paul},
  editor={Montserrat Batllori, Maria-Llu{\"\i}sa Hernanz, Carme Picallo and Francesc Roca},
  booktitle={{Grammaticalization and Parametric Variation}},
  address={New Yorl},
  publisher={OUP},
  pages={95-108},
  year={2005}
}

@incollection{Fleischman:1992,
  title={{Discourse and diachrony: The rise and fall of Old French {\itshape SI}}},
  author={Fleischman, Suzanne},
  booktitle={Internal and external factors in syntactic change},
  pages={433-73},
  year={1992},
  editor={Marinel Gerritsen and Dieter Stein},
  address={Berlin},
  publisher={Walter de Gruyter}
}

@article{Zucchi:1995,
  title={The ingredients of definiteness and the definiteness effect},
  author={Zucchi, Alessandro},
  journal={Natural Language Semantics},
  volume={3},
  number={1},
  pages={33-78},
  year={1995},
  publisher={Springer}
}

@inproceedings{Singh:2009,
  title={{Maximize Presupposition! and Informationally encapsulated implicatures}},
  author={Singh, Raj},
  booktitle={{Proceedings of Sinn und Bedeutung}},
  volume={13},
  pages={513-526},
  year={2009}
}

@misc{Pleshak:2016,
  title={{Adnominal possessive constructions in Mordvin, Mari, and Permic}},
  author={Pleshak, Polina},
  note={Paper presented at the 49th Annual Meeting of the Societas Linguistica Europaea, University of Naples Federico II, September 2, 2016},
  year={2016}
}

@article{Ingason:2016a,
author={Ingason, Anton Karl},
year={2016},
title={{PaCQL: A new type of treebank search for the digital humanities}},
journal={Italian Journal of Computational Linguistics},
volume={2},
number={2},
pages={51-66}
}

@article{Ranson:2009,
  title={{Variable subject expression in Old and Middle French prose texts: The role of verbal ambiguity}},
  author={Ranson, Diana L.},
  journal={Romance Quarterly},
  volume={56},
  number={1},
  pages={33-45},
  year={2009},
  publisher={Taylor \& Francis}
}

@article{Janda:2015,
  title={{Northern Mansi possessive suffixes in non-possessive function}},
  author={Janda, Gwen Eva},
  journal={{Eesti ja soome-ugri keeleteaduse ajakiri. Journal of Estonian and Finno-Ugric Linguistics}},
  volume={6},
  number={2},
  pages={243-258},
  year={2015}
}

@incollection{Crisma:2011,
  title={{The emergence of the definite article in English}},
  author={Crisma, Paola},
  booktitle={{The Noun Phrase in Romance and Germanic. Structure, Variation, and Change}},
  editor={P. Sleeman and H. Perridon},
  address={Amsterdam},
  publisher={John Benjamins},
  pages={175-192},
  year={2011}
}

@article{Renzi:1992,
  title={Le développement de l'article en roman},
  author={Renzi, Lorenzo},
  journal={Revue roumaine de linguistique},
  year={1992}
}

@article{Beck:2012,
  title={Pluractional comparisons},
  author={Beck, Sigrid},
  journal={{Linguistics and Philosophy}},
  volume={35},
  number={1},
  pages={57-110},
  year={2012},
  publisher={Springer}
}

@incollection{Egedi:2014,
  title={{The DP-cycle in Hungarian and the functional extension of the noun phrase}},
  author={Egedi, Barbara},
  booktitle={{The Evolution of Functional Left Peripheries in Hungarian Syntax. Oxford Studies in Diachronic and Historical
Linguistics}},
  volume={11},
  editor={É. Kiss, Katalin},
  year={2014},
  address={Oxford},
  publisher={Oxford University Press},
  pages={56-82}
}

@misc{Walkden:2016,
  title={{Null subjects and null D: historical evidence from Germanic}},
  author={Walkden, George},
  note={Paper presented at the 18th International Diachronic Generative Syntax Conference},
  year={2016}
}

@misc{Keenan:2011,
  title={{Greenberg Revisited: Diachronic development of article systems \& the structure of DP}},
  author={Keenan, Caitlin},
  note={Paper presented at the 13th International Diachronic Generative Syntax Conference},
  year={2011}
}

@article{Roca:2009,
  title={{The left periphery of nominal constructions and the evolution of definite determiners in Romance}},
  author={Roca, Francesc},
  journal={Diachronic Linguistics},
  address={Girona},
  publisher={Documenta Universitaria},
  pages={495-551},
  year={2009}
}

@book{HornWard:2008,
  title={{The Handbook of Pragmatics}},
  author={Horn, Laurence and Ward, Gergory},
  volume={26},
  year={2008},
  publisher={John Wiley \& Sons}
}

@book{Chierchia:2000,
  title={{Meaning and Grammar: An Introduction to Semantics}},
  author={Chierchia, Gennaro and McConnell-Ginet, Sally},
  year={2000},
  publisher={MIT press}
}

@misc{ZimmermannSternefeld:2011,
  title={{A Gentle Introduction to Formal Semantics}},
  author={Zimmermann, Thomas Ede and Sternefeld, Wolfgang},
  year={2011},
  note={Manuscript}
}

@misc{BuccolaEtAl:ms,
author={Brian Buccola and Manuel Kri\v{z} and Emmanuel Chemla},
year={2016},
title={Conceptual alternatives},
note={Ms.}
}

@article{KauhanenWalkden:2018,
year={2018},
title={{Deriving the Constant Rate Effect}},
author={Henri Kauhanen and George Walkden},
volume={36},
number = {2},
pages={483-521},
journal={Natural Language \& Linguistic Theory}
}

@misc{DoKaiser:poster,
title={{A Closer Look: Investigating the mechanisms of syntactic satiation}},
author={Monica Do and Elsi Kaiser},
year={2016},
note={A poster presented at WCCFL 34, University of Utah}
}

@article{Frascarelli:2007,
  title={Subjects, topics and the interpretation of referential pro},
  author={Frascarelli, Mara},
  journal={Natural Language \& Linguistic Theory},
  volume={25},
  number={4},
  pages={691-734},
  year={2007},
  publisher={Springer}
}

@article{CoppockBeaver:2015,
  title={Definiteness and determinacy},
  author={Coppock, Elizabeth and Beaver, David},
  journal={Linguistics and Philosophy},
  volume={38},
  number={5},
  pages={377-435},
  year={2015},
  publisher={Springer}
}

@book{AmDavid:2014,
  title={{The Distribution of Definiteness Markers across Languages: A Semantic Typology}},
  author={Am-David, Assif},
  address={Saarbr\"{u}cken},
  publisher={Lambert},
  year={2014}
}

@book{Hertzenberg:2015,
  title={{Third Person Reference in Late Latin: Demonstratives, Definite Articles and Personal Pronouns in the Itinerarium Egeriae}},
  author={Hertzenberg, Mari Johanne Bordal},
  volume={288},
  year={2015},
  publisher={Walter de Gruyter}
}

@misc{Schwarz:2016,
  title={{Presuppositions, Projection, and Accommodation: Theoretical Issues and Experimental Approaches}},
  author={Schwarz, Florian},
  year={2016},
  note={{Submitted to Handbook of Experimental Semantics and Pragmatics}}
}

@article{Nagy:2011,
  title={{Null subjects in heritage languages: Contact effects in a cross-linguistic context}},
  author={Nagy, Naomi G. and Aghdasi, Nina and Denis, Derek and Motut, Alexandra},
  journal={University of Pennsylvania Working Papers in Linguistics},
  volume={17},
  number={2},
  pages={134-144},
  year={2011}
}

@phdthesis{Chocholousova:2009,
  title={{Dummy subjects in English, Norwegian and German. A parallel corpus study}},
  author={Chocholou\v{s}ov\'{a}, Bohumila},
  year={2009},
  school={Masarykova univerzita}
}

@article{Yang:2000,
  title={Internal and external forces in language change},
  author={Yang, Charles},
  journal={Language Variation and Change},
  volume={12},
  number={03},
  pages={231-250},
  year={2000},
  publisher={Cambridge University Press}
}

@book{Cooper:1983,
  title={Quantification and Syntactic theory},
  author={Cooper, Robin},
  publisher={Reidel},
  address={Dordrecht},
  year={1983}
}

@misc{DechaineEtAl:2016,
author={Rose-Marie Déchaine and Monique Dufresne and Mireille Tremblay},
year={2016},
note={Handout for a talk at the New Ways of Analysing Syntactic Variation (NWASV 2) at the University of Ghent, 19-20 May},
title={{Determiners and feature hierarchy in Old French}}
}

@inproceedings{Harris:1980,
  title={{The marking of definiteness: A diachronic perspective}},
  booktitle={{Papers from the 4th International Conference on Historical Linguistics}},
  editor={Elizabeth Closs Traugott and Rebecca Labrum and Susan Shepherd},
  pages={75-86},
  author={Harris, Martin},
  year={1980},
  publisher={John Benjamins},
  address={Amsterdam}
}

@incollection{MulderCarlier:2011,
author={De Mulder, Walter and Anne Carlier},
title={{Definite Articles}},
editor={Heine Bernd and Narrog Heiko},
booktitle={{The Oxford Handbook of Grammaticalization}},
address={Oxford},
publisher={Oxford University Press},
pages={522-34},
year={2011}
}

@phdthesis{Ebert:1970,
author={Karen Ebert},
year={1970},
title={{Referenz, Sprechsituation und die bestimmte Artikel in einem nordfriesischen Dialekt}},
address={Bräist/Bredstedt},
school={Nordfriisk Institut}
}

@book{Rickard:1989,
  title={{A history of the French language}},
  author={Rickard, Peter},
  year={1989},
  publisher={Unwin Hyman},
  address={London}
}

@phdthesis{Ingason:2016b,
  title={{Realizing Morphemes in the Icelandic Noun Phrase}},
  author={Ingason, Anton Karl},
  year={2016},
  school={University of Pennsylvania}
}

@book{NarendraThathachar:1989,
  title={{Learning Automata: An Introduction}},
  author={Narendra, Kumpati S. and Thathachar, Mandayam A.L.},
  year={1989},
  publisher={Prentice-Hall},
  address={Englewood Cliffs, NJ}
}

@book{BushMosteller:1958,
  title={Stochastic Models for Learning},
  author={Bush, Robert R. and Mosteller, Frederick},
  year={1958},
  publisher={John Wiley \& Sons, Inc.}
}

@incollection{MarchelloNizia:2012,
year={2012},
author={Marchello-Nizia, Christiane},
title={L'oral représenté: un acc\`{e}s construit \`{a} une face cachée des langues `mortes'},
editor={Bernard Combettes and Céline Guillot and Evelyne Oppermann-Marsaux and Sophie Prévost and Amalia Rodr\'{i}gez Samolinos},
booktitle={{Le changement en fran\c{c}ais. Etudes de linguistique diachronique}},
address={Bern},
publisher={Peter Lang},
pages={247-264}
}

@incollection{Danckaert:2017a,
  title={The loss of Latin OV: Steps towards an analysis},
  author={Danckaert, Lieven},
  booktitle={Elements of Comparative Syntax: Theory and Description},
  volume={127},
  pages={401-444},
  year={2017},
  publisher={Walter de Gruyter GmbH \& Co KG}
}

@article{HeycockWallenberg:2013,
  title={How variational acquisition drives syntactic change},
  author={Heycock, Caroline and Wallenberg, Joel},
  journal={The Journal of Comparative Germanic Linguistics},
  volume={16},
  number={2-3},
  pages={127-157},
  year={2013},
  publisher={Springer}
}

@article{Yang:1999,
  title={The variational dynamics of natural language: acquisition and change},
  author={Yang, Charles},
  journal={Ms. MIT Artificial Intelligence Laboratory, MIT, Cambridge, MA},
  year={1999}
}

@incollection{JaeggliSafir:1989,
  title={The null subject parameter and parametric theory},
  author={Jaeggli, Osvaldo and Safir, Kenneth J.},
  editor={Jaeggli, Osvaldo and Safir, Kenneth J.},
  booktitle={The null subject parameter},
  pages={1-44},
  year={1989},
  publisher={Springer}
}

@phdthesis{Klima:1965,
author={Edward Stephan Klima},
title={Studies in diachronic transformational syntax},
year={1965},
school={Harvard University}
}

@article{Shlonsky:2009,
  title={Hebrew as a partial null-subject language},
  author={Shlonsky, Ur},
  journal={Studia linguistica},
  volume={63},
  number={1},
  pages={133-157},
  year={2009},
  publisher={Wiley Online Library}
}

@book{ManziniSavoia:2005,
  title={I dialetti italiani e romanci: morfosintassi generativa},
  author={Manzini, Maria Rita and Savoia, Leonardo Maria},
  volume={1},
  year={2005},
  publisher={Edizioni dell'Orso}
}

@incollection{Koeneman:2006,
author={Olaf Koeneman},
year={2006},
title={Deriving the difference between full and partial pro-drop},
editor={Peter Ackema and Patrick Brandt and Maaike Schoorlemmer and Fred Weerman},
booktitle={Arguments and Agreement},
pages={76-100},
publisher={OUP},
address={Oxford}
}

@misc{Speas:1995,
  title={Economy, agreement and the representation of null arguments},
  author={Speas, Margaret},
  note={Ms. University of Massachusetts, Amherst},
  year={1995}
}

@book{Camacho:2013,
  title={Null subjects},
  author={Camacho, José},
  year={2013},
  publisher={Cambridge University Press}
}

@article{HarleyRitter:2002,
  title={Person and number in pronouns: A feature-geometric analysis},
  author={Harley, Heidi and Ritter, Elizabeth},
  journal={Language},
  volume={78},
  number={3},
  pages={482-526},
  year={2002},
  publisher={Linguistic Society of America}
}

@article{HirschbuhlerJunker:1988,
  title={Remarques sur les sujets nuls en subordonnées en ancien et en moyen fran{\c{c}}ais},
  author={Hirschb\"{u}hler, Paul and Junker, Marie-Odile},
  journal={Revue québécoise de linguistique théorique et appliquée},
  volume={7},
  number={3},
  pages={63-84},
  year={1988},
  publisher={Association québécoise de linguistique}
}

@phdthesis{Franzen:1939,
  title={Étude sur la syntaxe des pronoms personnels sujets en ancien fran{\c{c}}ais},
  author={Franzén, Torsten},
  year={1939},
  school={Uppsala University},
  publisher={Almqwist \& Wiksells}
}

@incollection{Poletto:2006,
  title={{Asymmetrical pro-drop in Northern Italian dialects}},
  author={Poletto, Cecilia},
  editor={Peter Ackema and Patrick Brandt and Maaike Schoorlemmer and Fred Weerman},
  booktitle={Arguments and agreement},
  address={Oxford},
  publisher={Oxford University Press},
  pages={159-191},
  year={2006}
}

@article{ErkerGuy:2012,
  title={{The role of lexical frequency in syntactic variability: Variable subject personal pronoun expression in Spanish}},
  author={Erker, Daniel and Guy, Gregory R.},
  journal={Language},
  volume={88},
  number={3},
  pages={526-557},
  year={2012},
  publisher={Linguistic Society of America}
}

@incollection{CarlierMulder:2010,
author={Anne Carlier and De Mulder, Walter},
year={2010},
title={{The emergence of the definite article in Late Latin: {\itshape ille} in competition with {\itshape ipse}}},
editor={H. Cuykens and K. Davidse and L. Van de Lanotte},
booktitle={Subjectification, intersubjectification and grammaticalization},
address={The Hague},
publisher={Mouton De Gruyter},
pages={241-275}
}

@book{Yang:2002,
  title={Knowledge and learning in natural language},
  author={Yang, Charles},
  year={2002},
  publisher={Oxford University Press}
}

@incollection{Carlier:2007,
  title={Les premiers stades de développement de l'article défini},
  author={Carlier, Anne and De Mulder, Walter},
  booktitle={Études sur le changement linguistique en fran\c{c}ais},
  year={2007},
  publisher={Presses universitaires de Nancy},
  address={Nancy},
  editor={Bernard Combettes}
}

@article{Carlier:2007b,
  title={{From preposition to article: The grammaticalization of the French partitive}},
  author={Carlier, Anne},
  journal={Studies in Language},
  volume={31},
  number={1},
  pages={1-49},
  year={2007},
  publisher={John Benjamins}
}

@incollection{Carlier:2013,
  title={{Grammaticalization in progress in Old French: indefinite articles}},
  author={Carlier, Anne},
  booktitle={Research on Old French: The state of the art},
  pages={45-60},
  year={2013},
  publisher={Springer}
}

@article{Hawkins:1991,
  title={{On (in)definite articles: Implicatures and (un)grammaticality prediction}},
  author={Hawkins, John A.},
  journal={Journal of Linguistics},
  volume={27},
  number={02},
  pages={405-442},
  issn={0022-2267},
  year={1991},
  publisher={Cambridge University Press}
}

@incollection{Link:1983,
author={Godehard Link},
title={The logical analysis of plurals and mass terms: A lattice-theoretical approach},
editor={R. Bauerle, C. Schwarze and A. von Stechow},
booktitle={Meaning, Use, and Interpretation of Language},
pages={303-323},
year={1983},
address={Berlin},
publisher={de Gruyter}
}

@article{Sharvy:1980,
  title={A more general theory of definite descriptions},
  author={Sharvy, Richard},
  journal={The Philosophical Review},
  volume={89},
  number={4},
  pages={607-624},
  year={1980},
  publisher={JSTOR}
}

@book{MarchelloNizia:1995,
title={{L'évolution du fran\c{c}ais. Ordre des mots, démonstratifs, accent tonique}},
author={Marchello-Nizia, Christiane},
year={1995},
address={Paris},
publisher={Armand Colin}
}

@article{MulderCarlier:2006,
title={Du démonstratif \`{a} l'article défini : le cas de ``ce'' en fran\c{c}ais moderne},
author={De Mulder, Walter and Anne Carlier},
year={2006},
journal={Langue fran\c{c}aise},
number={152},
pages={96-113}
}

@book{GelmanHill:2006,
  title={Data analysis using regression and multilevel/hierarchical models},
  author={Gelman, Andrew and Hill, Jennifer},
  year={2006},
  publisher={Cambridge University Press}
}

@article{KoenemanZeijlstra:2014,
  title={The rich agreement hypothesis rehabilitated},
  author={Koeneman, Olaf and Zeijlstra, Hedde},
  journal={Linguistic Inquiry},
  year={2014},
  volume={45},
  number={4},
  pages={571-615},
  publisher={MIT Press}
}

@phdthesis{Yang:2000a,
  title={Knowledge and Learning in Natural Language},
  author={Charles Yang},
  year={2000},
  school={MIT}
}

@phdthesis{Duarte:1995,
  title={A perda do princ{\'\i}pio ``evite pronome'' no portugu{\^e}s brasileiro},
  author={Duarte, Maria Eug{\^e}nia Lamoglia},
  year={1995},
  school={Unicamp}
}

@incollection{Roberts:2010a,
  title={A deletion analysis of null subjects},
  author={Roberts, Ian},
  booktitle={{Parametric variation: Null subjects in Minimalist theory}},
  editor={{Biberauer, Theresa and Holmberg, Anders and Roberts, Ian and Sheehan, Michelle}},
  pages={58-87},
  year={2010},
  publisher={Cambridge University Press}
}

@book{Roberts:2010b,
  title={Agreement and head movement: Clitics, incorporation, and defective goals},
  author={Roberts, Ian},
  volume={59},
  year={2010},
  publisher={The MIT Press}
}

@article{Alexiadou:1998,
  title={{Parametrizing AGR: Word order, V-movement and EPP-checking}},
  author={Alexiadou, Artemis and Anagnostopoulou, Elena},
  journal={Natural Language \& Linguistic Theory},
  volume={16},
  number={3},
  pages={491-539},
  year={1998},
  publisher={Springer}
}

@incollection{Schoesler:2002,
  title={La variation linguistique: Le cas de l'expression du sujet},
  author={Sch$\o$sler, Lene},
  booktitle={{Interpreting the history of French, A festschrift for Peter Rickard on the occasion of his eightieth birthday}},
  editor={Rodney Sampson and Wendy Ayres-Bennett},
  pages={187-208},
  publisher={Rodopi},
  address={Amsterdam},
  year={2002}
}

@book{Zimmermann:2014,
  title={{Expletive and referential subject pronouns in Medieval French}},
  author={Zimmermann, Michael},
  year={2014},
  publisher={Walter de Gruyter}
}

@article{deCat2005,
  title={French subject clitics are not agreement markers},
  author={De Cat, Cécile},
  journal={Lingua},
  volume={115},
  number={9},
  pages={1195-1219},
  year={2005},
  publisher={Elsevier}
}

@mastersthesis{Fontaine:1985,
  title={Application de méthodes quantitatives en diachronie: L'inversion du sujet en fran\c{c}ais},
  author={Fontaine, Carmen},
  year={1985},
  school={Université du Québec \`{a} Montréal}
}

@incollection{Sauerland:2008a,
  title={{On the semantic markedness of phi-features}},
  author={Uli Sauerland},
  booktitle={{Phi Theory: Phi-features across Modules and Interfaces}},
  editor={David Harbour and David Adger and Susana Bejar},
  publisher={{Oxford University Press}},
  address={Oxford},
  pages={527-82},
  year={2008}
}

@incollection{Sauerland:2008b,
  title={Implicated presuppositions},
  author={Sauerland, Uli},
  booktitle={The discourse potential of underspecified structure},
  address={Berlin, Germany},
  publisher={Mouton de Gruyter},
  editor = {Anita Steube},
  year={2008}
}

@article{Yang:2010,
  title={Three factors in language variation},
  author={Yang, Charles},
  journal={Lingua},
  volume={120},
  number={5},
  pages={1160-1177},
  year={2010},
  publisher={Elsevier}
}

@article{Hirschbuhler:1992,
  title={{L'omission du sujet dans les subordonnées V1: les CNN de Vigneulles et les CNN anonymes}},
  author={Hirschbühler, Paul},
  journal={Travaux de Linguistique},
  volume={24},
  pages={25-46},
  year={1992}
}

@article{NeelemanSzendroi:2007,
  title={Radical pro drop and the morphology of pronouns},
  author={Neeleman, Ad and Szendr{\H{o}}i, Kriszta},
  journal={Linguistic Inquiry},
  volume={38},
  number={4},
  pages={671-714},
  year={2007},
  publisher={MIT Press}
}

@misc{Bettens:2015,
author = {Olivier Bettens},
title = {{Chantez-vous fran\c{c}ais ? Remarques curieuses sur le fran\c{c}ais chanté de Moyen \^{A}ge \`{a} la période baroque} (accessed 12 July, 2018).},
year = {2015},
url = {http://virga.org/cvf/}
}

@incollection{SprouseVance:1999,
  title={{An explanation for the decline of null pronouns in certain Germanic and Romance dialects}},
  editor={Michel deGraff},
  booktitle={Language creation and language change: creolization, diachrony and development},
  pages={257-284},
  author={Sprouse, Rex and Vance, Barbara},
  year={1999},
  publisher={MIT Press},
  address={Cambridge, Mass.}
}

@book{DeJong:2006,
  title={{La prononciation des consonnes dans le fran{\c{c}}ais de Paris aux 13{\`e}me et 14{\`e}me si{\`e}cles}},
  author={Jong, Thera de},
  year={2006},
  publisher={LOT/Netherlands Graduate School of Linguistics},
  address={Utrecht}
}

@misc{Bonin:1992,
  title={{Le syst{\`e}me verbal fran\c{c}ais de Luis Meigret, XVIe si{\`e}cle}},
  author={Mich\`{e}le Bonin},
  year={1992},
  school={Université de Montréal},
  note={{MA thesis}}
  }

@article{ReenenShoesler:1987,
  title={Le probl{\`e}me de la prolifération des explications},
  author={van Reenen, Pieter and Sch{\o}sler, Lene},
  year={1987},
  journal={Vrije Universiteit working papers in linguistics},
  volume={27},
  publisher={Department of Language, Vrije Universiteit},
  address={Amsterda}
}

@article{Dees:1980,
  title={{Un cas d'analogie: l'introduction de -{\itshape e} {\`a} la premi{\`e}re personne du singulier de l'indicatif présent des verbes en -er en ancien fran{\c{c}}ais}},
  author={Dees, Anthonij and Steintje Meilink and Karin van Reenen-Stein and Pieter van Reenen},
  journal={Rapport/Het Franse Boek},
  volume={50},
  pages={105-110},
  year={1980}
}

@mastersthesis{Goyette:1993,
  title={{Le syst{\`e}me verbal de Jacques Peletier du Mans, XVIe si{\`e}cle}},
  author={Goyette, Stéphane},
  year={1993},
  school={Université de Montréal},
  }

@book{Fouche:1931,
  title={{Le Verbe fran{\c{c}}ais: étude morphologique}},
  author={Fouché, Pierre},
  address={Paris},
  year={1931},
  publisher={{Société d'édition ``Les Belles Lettres''}}
}

@article{Morin:2001,
  title={{La troncation des radicaux verbaux en fran{\c{c}}ais depuis le Moyen Age. {\'E}tudes diachroniques}},
  author={Morin, Yves Charles},
  journal={Recherches Linguistiques de Vincennes},
  number={30},
  editor={Patrick Bellier},
  pages={63-85},
  year={2001},
  publisher={Presses Universitaires de Vincennes}
}

@incollection{Alonso:2000,
  title={{Full and null pronouns in Spanish: the zero pronoun hypothesis}},
  author={Alonso-Ovalle, Luis and D'Introno, Francesco},
  booktitle={{Hispanic Linguistics at the Turn of the Millenium: Papers from the 3rd Hispanic Linguistics Symposium}},
  address = {Somerville, MA},
  publisher = {Cascadilla Press},
  editor = {Héctor Campos and Elena Herburger and Alfonso Morales-Front and Thomas J. Walsh},
  year={2000}
}

@inproceedings{Fruehwald:2013,
  title={Phonological rule change: The constant rate effect},
  author={Fruehwald, Josef and Gress-Wright, Jonathan and Wallenberg, Joel},
  booktitle={Proceedings of the 40th Annual Meeting of the North East Linguistic Society},
  editor = {Seda Kan and Claire Moore-Cantwell and Robert Staubs},
  pages={ 219-230},
  volume={1},
  publisher={GLSA Publications},
  year={2009}
}

@incollection{Sheehan:2016,
  title={{Subjects, null-subjects and expletives in Romance}},
  author={Sheehan, Michelle},
  year = {2016},
  editor = {S. Fischer and S. Gabriel},
  booktitle = {{Manuals of Grammatical Interfaces in Romance}},
  address={Berlin},
  publisher={Mouton de Gruyter},
  url={http://ling.auf.net/lingbuzz/002466}
}

@article{Foulet:1935,
  title={L'extension de la forme oblique du pronom personnel en ancien fran{\c{c}}ais},
  author={Foulet, Lucien},
  journal={Romania},
  volume={61-62},
  pages={257-315},
  year={1935}
}

@inproceedings{Futrell:2015,
  title={Quantifying word order freedom in dependency corpora},
  author={Futrell, Richard and Mahowald, Kyle and Gibson, Edward},
  booktitle={{Proceedings of the Third International Conference on Dependency Linguistics (Depling 2015)}},
  pages={91-100},
  year={2015}
}

@book{Ledgeway:2012,
  title={{From Latin to Romance: Morphosyntactic typology and change}},
  author={Ledgeway, Adam},
  year={2012},
  publisher={Oxford University Press}
}

@inproceedings{Bichakjian:1987,
  title={The evolution of word order: a paedomorphic explanation},
  author={Bichakjian, Bernard},
  booktitle={Papers from the 7th international conference on historical linguistics},
  editor={Anna Giacalone Ramat and Onofrio Carruba and Giuliani Bernini},
  pages={87-107},
  year={1987},
  address={Amsterdam},
  organization={John Benjamins}
}

@incollection{Venneman:1975,
  title={{An Explanation of Drift}},
  author={Theo Vennemann},
  booktitle={Word Order and Word Order Change},
  pages={269-305},
  year={1975},
  publisher={University of Texas Press},
  address={Austin},
  editor={Charles Li}
}

@article{Adams:1987,
  title={{From Old French to the theory of pro-drop}},
  author={Adams, Marianne},
  journal={Natural Language \& Linguistic Theory},
  volume={5},
  number={1},
  pages={1-32},
  year={1987},
  publisher={Springer}
}

@article{Rizzi:1986,
author={Luigi Rizzi},
title={{Null objects in Italian and the Theory of {\itshape pro}}},
journal={Linguistic Inquiry},
volume={17},
year={1986},
pages={501-557}
}

@article{Otheguy:2007,
  title={{Language and dialect contact in Spanish in New York: Toward the formation of a speech community}},
  author={Otheguy, Ricardo and Zentella, Ana Celia and Livert, David},
  journal={Language},
  pages={770-802},
  year={2007},
  publisher={JSTOR}
}

@book{Bates:1976,
  title={Language and context: The acquisition of pragmatics},
  author={Bates, Elizabeth},
  volume={13},
  year={1976},
  address={New York},
  publisher={Academic Press}
}

@inproceedings{Zimmermann:2009,
editor = {G.A. Kaiser, E.-M. Remberger},
booktitle = {Null-subjects, expletives, and locatives in Romance},
publisher = {Fachbereich Sprachwissenschaft, Universität Konstanz},
year = {2009},
pages = {63-92},
title = {{On the evolution of expletive subject pronouns in Old French}},
author = {Michael Zimmermann}
}

@incollection{Roberts:2014,
 author={Ian Roberts},
  booktitle={{Functional Structure from Top to Toe}},
  series={{The Cartography of Syntactic Structures}},
  title={{Taraldsen's Generalization and language change: Two ways to lose null subjects}},
  editor={Svenonius, Peter},
  pages={115-148},
  volume={9},
  year={2014},
  publisher={Oxford University Press}
}

@incollection{SteinPrevost:2013,
author={Stein, Achim and Sophie Prévost},
year={2013},
title={{Syntactic annotation of medieval texts: the Syntactic Reference Corpus of Medieval French (SRCMF)}},
booktitle={{New Methods in Historical Corpus Linguistics. Corpus Linguistics and International Perspectives on Language}},
editor={P. Bennett and M. Durrell and S. Scheible and R. Whitt},
publisher={CLIP},
volume={3},
address={T\"{u}bingen},
pages={75-82}
}

@book{Roberts:1993,
author={Roberts, Ian},
title={{Verbs and diachronic syntax: A comparative history of English and French}},
publisher={Kluwer},
address={Dordrecht},
year={1993}
}

@book{Foulet:1928,
author={Foulet, Lucien},
year={1928},
title={Petite syntaxe de l'ancien fran\c{c}ais},
address={Paris},
publisher={Champion, troisi\`{e}me édition revue. Réédition 1982}
}

@inproceedings{Kaiser:2009,
  title={{Losing the null subject. A contrastive study of (Brazilian) Portuguese and (Medieval) French}},
  author={Kaiser, Georg A.},
  booktitle={Null-subjects, expletives, and locatives in {Romance}},
  editor={G.A. Kaiser and E.-M. Remberger},
  publisher={{Fachbereich Sprachwissenschaft, Universität Konstanz}},
  address={Konstanz},
  pages={131-156},
  year={2009}
}

@article{Mathieu:2006,
  title={{Stylistic Fronting in Old French}},
  author={Mathieu, Éric},
  journal={Probus},
  volume={18},
  number={2},
  pages={219-266},
  year={2006}
}

@phdthesis{Rohrbacher:1994,
  title={{The Germanic VO languages and the full paradigm: a theory of V to I raising}},
  author={Rohrbacher, Bernhard Wolfgang},
  year={1994},
  school={University of Massachusetts, Amherst}
}

@article{Kibrik:1997,
  title={{Beyond subject and object: Toward a comprehensive relational typology}},
  author={Kibrik, Aleksandr E.},
  journal={Linguistic Typology},
  volume={1},
  pages={279-346},
  year={1997}
}

@article{Detges:2003,
  title={Du sujet parlant au sujet grammatical. L'obligatorisation des pronoms sujets en ancien fran{\c{c}}ais dans une perspective pragmatique et comparative},
  author={Detges, Ulrich},
  journal={Verbum},
  number={3},
  pages={307-333},
  year={2003},
  publisher={Presses universitaires de Nancy}
}

@incollection{Vennemann:1975,
  title={An explanation of drift},
  booktitle={{Word Order and Word Order Change}},
  editor={Charles N. Li},
  pages={269-305},
  address={Austin},
  publisher={University of Texas Press},
  author={Vennemann, Theo},
  year={1975}
}

@book{Ewert:1943,
author = {Alfred Ewert},
year = {1943},
title = {{The French Language}},
address = {London},
publisher = {Faber \& Faber}
}

@phdthesis{Combettes:1988,
title = {Recherches sur l'ordre des éléments de la phrase en moyen fran\c{c}ais},
school = {Université de Nancy},
year = {1988},
author = {Bernard Combettes}
}

@incollection{HulkKemenade:1995,
  title={Verb second, pro-drop, functional projections and language change},
  author={Hulk, Aafke and van Kemenade, Ans},
  booktitle={Clause structure and language change},
  pages={227-256},
  year={1995},
  publisher={Oxford University Press}
}

@book{ToblerLommatzsch,
author = {Adolf Tobler and Erhard Lommatzsch},
title = {Altfranzösisches Wörterbuch},
address = {Stuttgart},
year = {1925-1925},
publisher = {Franz-Steiner-Verlag Wiesbaden}
}

@book{Greimas:1997,
author = {Algirdas Julien Greimas},
title = {Dictionnaire de l'ancien fran\c{c}ais jusqu'au milieu du XIVe si\`{e}cle},
year = {1997},
address = {Paris},
publisher = {Larousse-Bordas}
}

@phdthesis{Sundquist:2002,
  title={{Morphosyntactic change in the history of the Mainland Scandinavian languages}},
  author={Sundquist, John D.},
  year={2002},
  school={Indiana University}
}

@book{Allen:1999,
  title={{Case marking and reanalysis: Grammatical relations from Old to Early Modern English}},
  author={Allen, Cynthia L.},
  year={1999},
  publisher={Oxford University Press}
}

@incollection{Prevost:2018,
author = {Sophie Prévost},
year = {2018},
pages={169-198},
title = {{Increase of pronominal subjects in Old French: Evidence for a starting-point in Late Latin}},
editor = {Anne Carlier and Céline Guillot},
booktitle = {{Latin tardif - fran\c{c}ais ancien: Continuités et ruptures}},
series = {{Coll. Beihefte zur Zeitschrift f\"{u}r romanische Philologie}},
address = {Berlin},
publisher = {De Gruyter}
}

@incollection{RouquierMarchello:2012,
  title={{De (S)OV {\`a} SVO en fran{\c{c}}ais: o{\`u} et quand? L'ordre des constituants propositionnels dans la Passion de Clermont et la Vie de saint Alexis}},
  author={Marchello-Nizia, Christiane and Rouquier, Magali},
  booktitle={{Constructions en changement. Hommage à Paul Hirschbühler}},
  pages={111--155},
  year={2012},
  editor={Monique Dufresne},
  publisher={Presses de l'Université de Laval}
}

@incollection{Kiparsky:1997,
  title={The rise of positional licensing},
  author={Kiparsky, Paul},
  booktitle={Parameters of Morphosyntactic Change},
  editor={Ans van Kemenade and Nigel Vincent},
  pages={460-494},
  year={1997},
  publisher={Citeseer}
}

@article{Labelle:2007,
  title={{Clausal architecture in Early Old French}},
  author={Labelle, Marie},
  journal={Lingua},
  volume={117},
  number={1},
  pages={289-316},
  year={2007},
  publisher={Elsevier}
}

@incollection{Roberts:1997,
 author={Ian Roberts},
 title={{Directionality and word order change in the history of English}},
  booktitle={Parameters of morphosyntactic change},
  editor={Van Kemenade, Ans and Vincent, Nigel},
  year={1997},
  publisher={Cambridge University Press},
  pages={397-426}
}

@article{Martineau:2008,
  author    = {France Martineau},
  title     = {Un Corpus pour l'analyse de la variation et du changement linguistique},
  journal   = {Corpus},
  volume    = {7},
  pages     = {135-155},
  year      = {2008}
}

@book{Vance:1997,
  title={{Syntactic change in Medieval French}},
  author={Vance, Barbara},
  series={Studies in Natural Language and Linguistic Theory},
  address={Dordrecht},
  publisher={Kluwer},
  year={1997}
}

@book{MarchelloNizia:1992,
  title={{Histoire de la langue fran{\c{c}}aise aux XIVe et XVe si{\`e}cles}},
  author={Marchello-Nizia, Christiane},
  year={1992},
  publisher={Dunod},
  address={Paris}
}

@book{Taraldsen:1980,
author = {Tarald Taraldsen},
year = {1980},
title = {{On the NIC, vacuous application and the that-trace filter}},
publisher = {Indiana University Linguistics Club}
}

@book{Chomsky:1981,
author={Chomsky, Noam},
year = {1981},
title = {Lectures on government and binding},
address = {Dordrecht},
publisher = {Foris}
}

@article{Haspelmath:1999,
  title={Optimality and diachronic adaptation},
  author={Haspelmath, Martin},
  journal={Zeitschrift für Sprachwissenschaft},
  volume={18},
  number={2},
  pages={180-205},
  year={1999}
}

@article{Dryer:2002,
author = {Dryer, Matthew S.},
year = {2002},
title = {Case Distinctions, Rich Verb Agreement, and Word Order Type},
journal = {Theoretical Linguistics},
volume = {28},
pages = {151-157}
}

@incollection{Holmberg:2014,
author={Anders Holmberg},
title={Verb Second},
editor={Kiss, T. and Alexiadou, A.},
booktitle={{Syntax: An International Handbook of Contemporary Syntactic Research}},
address={Berlin},
publisher={Walter de Gruyter Verlag},
year = {2014}
}

@inproceedings{Vennemann:1974,
author = {Theo Vennemann},
year = {1974}, 
title = {Topics, Subjects and Word Order},
editor = {J. M. Anderson and Charles Jones}, 
booktitle = {Historical Linguistics: Proceedings of the First International Conference on Historical Linguistics},
address = {Amsterdam},
publisher = {North Holland},
volume = {1},
pages = {339-376}
}

@book{Harris:1978,
  title={{The evolution of French syntax: A comparative approach}},
  author={Harris, Martin},
  year={1978},
  publisher={Longman}
}

@phdthesis{Rainsford:2011,
  title={{The emergence of group stress in medieval French}},
  author={Rainsford, Thomas Michael},
  year={2011},
  school={University of Cambridge}
}

@incollection{Lafond:2003,
year = {2003},
author = {Larry Lafond},
title = {{Historical changes in verb-second and null subjects from Old to Modern French}},
booktitle = {{Optimality Theory and language change}},
editor = {D. Eric Holt},
publisher={Kluwer Academic Publishers},
address = {Dordrecht},
pages = {387-412}
}

@book{Buridant:2000,
  title={Nouvelle grammaire de l'ancien fran{\c{c}}ais},
  author={Buridant, Claude},
  address={Paris},
  publisher={Sedes},
  year={2000}
}

@book{Greenberg:1966,
title={{Universals of language: Report of a Conference held at Dobbs Ferry, New York, April 13-15, 1961 (2nd Ed.)}},
author={Greenberg, Joseph H.},
year={1966},
address={Cambridge, MA},
publisher={MIT press}
}

@incollection{BentzChristiansen:2013,
booktitle={Eastward flows the great river: festschrift in honor of Professor William SY. Wang on his 80th birthday},
title={{Linguistic adaptation: The trade-off between case marking and fixed word orders in Germanic and Romance languages}},
author={Christian Bentz and Morten H. Christiansen},
pages={376-393},
year={2013},
publisher={City University of Hong Kong Press}
}

@article{McFadden:2005,
  title={{OV-VO in English and the role of case marking in word order}},
  author={McFadden, Thomas},
  journal={English Language and Linguistics},
  volume={9},
  number={01},
  pages={63-82},
  year={2005},
  publisher={Cambridge Univ Press}
}

@phdthesis{McFadden:2004,
author={Thomas McFadden},
year={2004},
title={The Positon of Morphological Case in the Derivation: A Study on the Syntax-Morphology Interface},
school={University of Pennsylvania}
}

@book{Sapir:1921,
author={Edward Sapir},
title={Language, an Introduction to the Study of Speech},
address={New York},
publisher={Harcourt, Brace and Co.},
year={1921}
}

@book{Abrusan:2014,
title = {Weak Island Semantics},
author = {Abrus{\'a}n, M{\'a}rta},
year = {2014},
series = {Oxford Studies in Semantics and Pragmatics 3},
publisher = {Oxford University Press},
address={Oxford}
}

@article{Roehrs:2013,
  title={{The inner makeup of definite determiners: The case of Germanic}},
  author={Roehrs, Dorian},
  journal={Journal of Germanic Linguistics},
  volume={25},
  number={04},
  pages={295-411},
  year={2013},
  publisher={Cambridge University Press}
}

@book{Leu:2014,
  title={{The Architecture of Determiners}},
  author={Leu, Thomas},
  year={2014},
  publisher={Oxford University Press}
}

@misc{Kashkin:2014,
author={Egor Kashkin},
year={2014},
note={{Corpus of Western Khanty}}
}

@book{Tepliashina:1970,
author={Tamara I. Tepliashina},
year={1970},
title={Iazyk besermian},
address={Moscow},
publisher={Nauka},
}

@incollection{Carlier:2010,
title={{The emergence of the definite article in Late Latin \textit{ille} in competition with \textit{ipse}}},
year={2010},
author={Anne Carlier and De Mulder, Walter},
booktitle={Subjectification, intersubjectification and grammaticalization},
pages={241-275},
editor={H. Cuykens and K. Davidse and L. Van de Lanotte},
publisher={Mouton De Gruyter},
address={The Hague}
}

@incollection{Keenan:1976,
author={Keenan, Edward},
year={1976},
title={Toward a universal definition of `Subject'},
editor={Li, Charles N.},
booktitle={Subject and Topic},
address={New York},
publisher={Academic Press},
page={303-333}
}

@incollection{LabelleHirschbuhler:2005,
  title={{Changes in clausal organization and the position of clitics in Old French}},
  author={Labelle, Marie and Hirschbühler, Paul},
  booktitle={{Grammaticalization and parametric variation}},
  editor={Montserrat Batllori and Maria-Llu\"{i}sa Hernanz and Carme Picallo and Francesc Roca},
  publisher={Oxford University Press},
  address={Oxford},
  pages={60-71},
  year={2005}
}

@phdthesis{Thuilier:2012,
author={Juliette Thuilier},
year={2012},
title={{Contraintes préférentables et ordre des mots en fran\c{c}ais}},
school={Université Paris 7 (Diderot)}
}

@phdthesis{Filchenko:2007,
author={Filchenko, Andrei Y.},
year={2007},
title={{A grammar of Eastern Khanty}},
school={Rice University}
}

@inproceedings{McFadden:2002,
author={Thomas McFadden},
year={2002},
title={{The morphosyntax of Finno-Ugric case-marking: a DM account}},
pages={347-364},
booktitle={Proceedings of the 32nd annual meeting of the North East Linguistic Society (NELS 32)},
editor={Masako Hirotani}
}

@article{Rueter:2010,
author={Jack Rueter},
year={2010},
title={Adnominal person in the morphological system of Erzya},
journal={Mémoires de la société finno-ougrienne},
volume={261},
address={Helsinki},
publisher={Société finno-ougrienne}
}

@phdthesis{Sazhina:2004,
author={Svetlana A. Sazhina},
year={2004},
title={Sravnitel'naia morfologiia komi-zyrianskikh dialektov (immenye chasti rechi): arealnyi aspekt issledovaniia},
school={Syktyvkarskii Gosudarstvennyi Universitet}
}

@article{Luutonen:1997,
title={The variation of morpheme order in Mari declension},
journal={Mémoires de la société finno-ougrienne},
volume={226},
address={Helsinki},
publisher={Société finno-ougrienne},
year={1997},
author={Jorma Luutonen}
}

@phdthesis{Frolova:1951,
author={Tatiana I. Frolova},
year={1951},
title={Immennye-kategorii verkhne-vymskikh govorov severnogo dialekta komi iazyka},
school={Akademia Nauk SSSR}
}

@book{Collinder:1957,
author={Björn Collinder},
year={1957},
title={Survey of the Uralic languages},
publisher={Almqvist \& Wiksell}
}

@book{Eliseev:1993,
editor={Y. S. Eliseev and K. E. Maytinskaya and O. I. Romanova},
year={1993},
title={Yazyki mira. Ural'skie iazyki},
address={Moskva},
publisher={Nauka}
}

@book{SakharovaSelkov:1976,
author={Sakharova, Marfa A. and Nikolai N. Selkov},
year={1976},
title={Izhemskii dialekt komi iazyka},
address={Syktyvkar},
publisher={Komi knizhnoe izdatel'stvo},
}

@book{Lytkin:1961,
author={Lytkin, Vasilii I.},
year={1961},
title={Komi-russkii slovar' s prilozheniem grammaticheskogo ocherka komi iazyka},
publisher={Gosudarstvennoe Izdatel'stvo natsional'nykh i inostrannykh slovarei}
}

@book{Bubrich:1949,
author={Bubrich, Dmitrii V.},
year={1949},
title={Grammatika literaturnogo komi iazyka},
address={Leningrad},
publisher={LGU}
}

@book{Tuzharov:1987,
author={Gennadii M. Tuzharov},
year={1987},
title={Grammaticheskie kategorii imeni sushchestvitel'nogo v mariiskom iazyke},
address={Ioshkar-Ola},
publisher={Mariiskoe knizhnoe izdatel'stvo}
}

@book{Galkin:1964,
author={Galkin, Ivan S.},
year={1964},
title={Istoricheskaia grammatika mariiskogo iazyka},
address={Ioshkar Ola},
publisher={Mariiskoe knizhnoe izdatelstvo}
}

@article{Kroch:1989,
  title={Reflexes of grammar in patterns of language change},
  author={Kroch, Anthony},
  journal={Language Variation and Change},
  volume={1},
  number={3},
  pages={199-244},
  year={1989},
  publisher={Cambridge University Press}
}

@article{CarlierCoyens:1998,
  title={De l'ancien fran{\c{c}}ais au fran{\c{c}}ais moderne: régression du degré zéro de la détermination et restructuration du syst{\`e}me des articles},
  author={Carlier, Anne and Goyens, Mich{\`e}le},
  journal={Cahiers de l'Institut de linguistique de Louvain},
  volume={24},
  number={3-4},
  pages={77-112},
  year={1998}
}

@book{BrunotBruneau:1956,
  title={Précis de grammaire historique de la langue fran{\c{c}}aise},
  author={Brunot, Ferdinand and Bruneau, Charles},
  year={1956},
  publisher={Masson}
}

@incollection{Giusti:2001,
  title={{The birth of a functional category: From Latin \textit{ille} to the Romance article and personal pronoun}},
  author={Giusti, Giuliana},
  booktitle={{Current studies in Italian syntax: Essays offered to Lorenzo Renzi}}, 
  year={2001},
  address={Amsterdam},
  publisher={North Holland},
  editor={G. Cinque and G.\ P. Salvi}, 
  pages={157-171}
}

@book{Fournier:2002,
title={Grammaire du fran\c{c}ais classique},
author={Nathalie Fournier},
year={2002},
address={Paris},
publisher={Éditions Bélin}
}

@inproceedings{Epstein:1993,
  title={{The definite article: Early stages of development}},
  author={Epstein, Richard},
  booktitle={{Historical Linguistics 1991: Papers from the 10th International Conference on Historical Linguistics}},
  volume={107},
  pages={111-134},
  year={1993},
  address={Amsterdam},
  publisher={John Benjamins}
}

@incollection{Mathieu:2009,
  title={From local blocking to cyclic agree},
  author={Mathieu, Éric},
  booktitle={{Determiners: Universals and variations}},
  editor={Ghomeshi, Jila and Paul, Ileana and Wiltschko, Martina},
  volume={147},
  year={2009},
  publisher={John Benjamins},
  pages={123-158}
}

@article{King:2008,
  title={Complex demonstratives, QI uses, and direct reference},
  author={King, Jeffrey C.},
  journal={Philosophical Review},
  volume={117},
  number={1},
  pages={99-117},
  year={2008},
  publisher={Duke University Press}
  }
  
 @incollection{Roberts:2002,
author = {Craige Roberts},
title = {Demonstratives as definites},
editor = {K. van Deemter and Roger Kibble},
booktitle = {{Information sharing: Reference and presupposition in language generation and interpretation}},
publisher = {CSLI Press},
address = {Stanford},
pages = {89-196},
year = {2002}
}
 

@article{Zaring:2011,
title = {{On the nature of OV and VO order in early Old French}},
journal = {Lingua},
volume = {121},
pages = {1831-1852},
year = {2011},
author = {Laurie Zaring}
}

@misc{KrochSantorini:2014,
title = {{On the word order of Early Old French}},
author = {Anthony Kroch and Beatrice Santorini},
note = {Handout for a talk at the {\itshape 7th Conference on Syntax, Phonology and Language Analysis (SinFonIJA 7)}, Graz, Austria},
year = {2014},
}

@article{Roberts:2003,
author = {Craige Roberts},
year = {2003},
title = {Uniqueness in definite noun phrases},
journal = {{Linguistics and Philosophy}},
volume = {26},
pages = {287-350},
}

@article{Karttunen:1973,
author = {Karttunen, Lauri},
year = {1973},
title = {Presuppositions of compound sentences},
journal = {{Linguistic Inquiry}},
volume = {4},
pages = {168-193}
}

@incollection{Kratzer:1996,
  title={Severing the external argument from its verb},
  author={Kratzer, Angelika},
  booktitle={Phrase structure and the lexicon},
  pages={109-137},
  year={1996},
  publisher={Springer}
}

@article{Keshet:2010,
  title={Situation economy},
  author={Keshet, Ezra},
  journal={Natural Language Semantics},
  volume={18},
  number={4},
  pages={385-434},
  year={2010},
  publisher={Springer}
}

@book{Elbourne:2013,
  title={Definite descriptions},
  author={Elbourne, Paul},
  year={2013},
  publisher={Oxford University Press}
}

@article{Strawson:1950,
  title={On referring},
  author={Strawson, Peter F.},
  journal={Mind},
  pages={320-344},
  year={1950},
  publisher={JSTOR}
}

@article{VanBenthem:1989,
  title={Logical constants across varying types},
  author={Van Benthem, Johan},
  journal={{Notre Dame Journal of Formal Logic}},
  volume={30},
  number={3},
  pages={315-342},
  year={1989},
  publisher={Citeseer}
}

@inproceedings{Gutierrez:1997,
  title={{The semantic basis of NPI licensing in questions}},
  author={Gutiérrez-Rexach, Javier},
  booktitle={{MIT Working Papers in Linguistics 31: Proceedings of SCIL 8}},
  volume={8},
  pages={359-376},
  year={1997},
  publisher = {MIT},
  editor = {Benjamin Bruening},
  address = {Cambridge, Mass}
}

@article{Han:2002,
  title={Interpreting interrogatives as rhetorical questions},
  author={Han, Chung-hye},
  journal={Lingua},
  volume={112},
  number={3},
  pages={201-229},
  year={2002},
  publisher={Elsevier}
}

@inproceedings{Sadock:1971,
  title={Queclaratives},
  author={Sadock, Jerrold},
  booktitle={{Papers from the Seventh Regional Meeting of the Chicago Linguistic Society (CLS 7)}},
  volume={7},
  pages={223-232},
  year={1971},
  address = {Chicago},
  publisher = {Chicago Linguistics Society}
}

@incollection{Hartmann:1978,
title = {{Verschmelzungen als Varianten des bestimmten Artikels?}},
author = {Dietrich Hartmann},
editor = {D. Hartmann and H.-J. Linke and O. Ludwig},
booktitle = {{Sprache in Gegenwart und Geschichte: Festschrift Fr Heinrich Matthias Heinrichs}},
publisher = {Bhlau},
address = {Kln},
pages = {68-81},
year = {1978}
}

@article{Schlenker:2008,
  title={{Presupposition projection: Explanatory strategies}},
  author={Schlenker, Philippe},
  journal={Theoretical Linguistics},
  volume={34},
  number={3},
  pages={287-316},
  year={2008}
}

@article{Elbourne:2008b,
  title={The interpretation of pronouns},
  author={Elbourne, Paul},
  journal={{Language and Linguistics Compass}},
  volume={2},
  number={1},
  pages={119-150},
  year={2008},
  publisher={Wiley Online Library}
}

@phdthesis{Wolter:2006,
  title={That's that: The Semantics and Pragmatics of Demonstrative Noun Phrases},
  author={Wolter, Lynsey Kay},
  year={2006},
  school={University of California, Santa Cruz}
}

@inproceedings{Wolter:2007,
  title={Situation variables and licensing by modification in opaque demonstratives},
  author={Wolter, Lynsey},
  booktitle={{Proceedings of Sinn und Bedeutung}},
  volume={11},
  pages={612-625},
  year={2007}
}

@article{Gajewski:2002,
  title={L-analyticity and natural language},
  author={Gajewski, Jon},
  journal={Ms., MIT},
  year={2002}
}

@book{Fauconnier:1985,
  title={{Mental spaces: Aspects of meaning construction in natural language}},
  author={Fauconnier, Gilles},
  year={1994},
  publisher={MIT Press/Bradford Books},
  address = {Cambridge, Mass.}
}

@article{Kuroda:1982,
  title={Indexed predicate calculus},
  author={Kuroda, Sige-Yuki},
  journal={Journal of Semantics},
  volume={1},
  number={1},
  pages={43-59},
  year={1982},
  publisher={Oxford University Press}
}

@incollection{ExteberriaGiannakidou:2010,
  title={Contextual domain restriction and the definite determiner},
  author={Etxeberria, Urtzi and Giannakidou, Anastasia},
  booktitle={{Context-Dependence, Perspective and Relativity}},
  publisher = {Mouton de Gruyter},
  address = {Berlin},
  pages={93-126},
  year={2010}
}

@inproceedings{Krifka:1998,
  title={Additive particles under stress},
  author={Krifka, Manfred},
  booktitle={Proceedings of SALT},
  volume={8},
  pages={111-128},
  year={1998}
}

@book{Horn:1969,
  title={A presuppositional analysis of only and even},
  author={Horn, Laurence},
  year={1969},
  publisher={RI Binnick}
}

@article{MitrovicSauerland:2013,
author={Moreno Mitrovi\'{c} and Uli Sauerland},
title={Decomposing coordination},
year={2013},
journal={Handout for a talk at the 44th meeting of the North East Linguistic Society}
}

@article{Nikolaeva:1999,
  title={Ostyak},
  author={Nikolaeva, Irina},
  year={1999},
  publisher={Lincom Europa}
}

@article{Lockwood:1975,
  title={On predicating proper names},
  author={Lockwood, Michael},
  journal={{The Philosophical Review}},
  volume={84},
  number={4},
  pages={471-498},
  year={1975},
  publisher={JSTOR}
}

@article{Recanati:1988,
  title={Rigidity and direct reference},
  author={Recanati, Fran{\c{c}}ois},
  journal={{Philosophical Studies}},
  volume={53},
  number={1},
  pages={103-117},
  year={1988},
  publisher={Springer}
}

@article{BarwisePerry:1981,
  title={Situation and attitudes},
  author={Barwise, Jon and Perry, John},
  journal={The Journal of Philosophy},
  pages={668-691},
  year={1981},
  publisher={JSTOR}
}

@incollection{Percus:2006,
  title={Antipresuppositions},
  author={Percus, Orin},
  bootitle={{Theoretical and empirical studies of reference and anaphora: Toward the establishment of generative grammar as an empirical science}},
  note = {{Report of the Grant-in-Aid for Scientific Research (B), Project No. 15320052, Japan Society for the Promotion of Science}},
  editor = {A. Ueyama},
  pages={52-73},
  year={2006}
}

@misc{Wagner:2013,
author = {Michael Wagner},
year = {2013},
title = {Not even biased?},
note = {{Ms. McGill University}},
}


@incollection{Stowell:1991,
  title={{Determiners in NP and DP}},
  author={Stowell, Tim},
  booktitle={{Views on Phrase Structure}},
  pages={37-56},
  year={1991},
  editor = {K. Leifel and D. Bouchard},
  publisher={Kluwer Academic Publishers},
  address = {Dordrecht}
}

@incollection{Chomsky:1973,
title = {Conditions on transformations},
booktitle = {{Essays on Form and Interpretation}},
address = {New York},
author = {Noam Chomsky},
year = {1973},
publisher = {North Holland}
}

@phdthesis{Heim:1982,
  title={{The Semantics of Definite and Indefinite Noun Phrases}},
  author={Heim, Irene},
  year={1982},
  school={University of Massachusetts, Amherst}
}

@article{Groenendijk:1990,
  title={{Dynamic Montague grammar}},
  author={Groenendijk, Jeroen AG and Stokhof, Martin Johan Bastiaan},
  year={1990},
  publisher={E{\"o}tv{\"o}s Lor{\'a}nd Press}
}

@article{Stalnaker:1978,
author = {Robert Stalnaker},
title = {Assertion},
year = {1978},
editor = {Peter Cole},
journal = {{Syntax and Semantics}},
volume = {9},
publisher = {Academic Press},
pages = {315-322}
}

@incollection{Kaplan:1970,
  title={{What is Russell's theory of descriptions?}},
  author={Kaplan, David},
  booktitle={{Physics, Logic, and History}},
  pages={277-295},
  year={1970},
  publisher={Springer}
}

@article{Kripke:1977,
  title={Speaker's reference and semantic reference},
  author={Kripke, Saul},
  journal={{Midwest Studies in Philosophy}},
  volume={2},
  number={1},
  pages={255-276},
  year={1977},
  publisher={Wiley Online Library}
}

@article{FodorSag:1982,
  title={Referential and quantificational indefinites},
  author={Fodor, Janet Dean and Sag, Ivan A.},
  journal={{Linguistics and Philosophy}},
  volume={5},
  number={3},
  pages={355-398},
  year={1982},
  publisher={Springer}
}

@inproceedings{Solomon:2009,
  title={The compositional semantics of same},
  author={Solomon, Mike},
  booktitle={{Proceedings of Sinn und Bedeutung}},
  volume={14},
  year={2009}
}

@article{Karttunen:1974,
  title={Presupposition and linguistic context},
  author={Karttunen, Lauri},
  journal={{Theoretical Linguistics}},
  volume={1},
  number={1},
  pages={181-194},
  year={1974}
}

@article{StanleySzabo:2000,
  title={On quantifier domain restriction},
  author={Stanley, Jason and Szab{\'o}, Gendler Zolt\'{a}n},
  journal={{Mind \& Language}},
  volume={15},
  number={2-3},
  pages={219-261},
  year={2000},
  publisher={Wiley Online Library}
}

@incollection{Stanley:2002,
  title={Nominal restriction},
  author={Stanley, Jason},
  booktitle={{Logical Form and Language}},
  editor = {G. Peters and G. Preyer},
  pages={365-388},
  year={2002},
  publisher={Oxford University Press},
  address = {Oxford}
}

@phdthesis{Marti:2003,
author = {Mart\'{i}, Luisa},
year = {2003},
title = {{Contextual Variables}},
school = {University of Connecticut},
}

@incollection{Westerstahl:1985,
  title={Determiners and context sets},
  author={Westerst{\aa}hl, Dag},
  booktitle={Generalized quantifiers in natural language},
  editor = {J. van Benthem and A. ter Meulen},
  volume={1},
  pages={45-71},
  year={1985},
  publisher={Foris}
}

@article{Barner:2008,
  title={Compositionality and Statistics in Adjective Acquisition: 4-Year-Olds Interpret Tall and Short Based on the Size Distributions of Novel Noun Referents},
  author={Barner, David and Snedeker, Jesse},
  journal={Child Development},
  volume={79},
  number={3},
  pages={594-608},
  year={2008},
  publisher={Wiley Online Library}
}

@inproceedings{KennedyMcNally:1999,
  title={From event structure to scale structure: Degree modification in deverbal adjectives},
  author={Kennedy, Christopher and McNally, Louise},
  booktitle={Proceedings of SALT},
  volume={9},
  pages={163-180},
  year={1999}
}

@article{KampPartee:1995,
  title={Prototype theory and compositionality},
  author={Kamp, Hans and Partee, Barbara},
  journal={Cognition},
  volume={57},
  number={2},
  pages={129-191},
  year={1995},
  publisher={Elsevier}
}

@article{Barker:2002,
  title={The dynamics of vagueness},
  author={Barker, Chris},
  journal={{Linguistics and Philosophy}},
  volume={25},
  number={1},
  pages={1-36},
  year={2002},
  publisher={Springer}
}

@article{Kamp:1975,
  title={Two theories about adjectives},
  author={Kamp, Hans},
  journal={Formal Semantics of Natural Language},
  pages={123-155},
  year={1975}
}

@incollection{Stalnaker:1974,
author = {Robert Stalnaker},
year = {1974},
title = {{Pragmatic Presuppositions}},
editor = {Munitz, M. and Unger, P.},
booktitle = {Semantics and Philosophy},
address = {New York},
publisher = {New York University Press}
}

@article{Bale:2008,
  title={A universal scale of comparison},
  author={Bale, Alan Clinton},
  journal={Linguistics and Philosophy},
  volume={31},
  number={1},
  pages={1-55},
  year={2008},
  publisher={Springer}
}

@phdthesis{Bouchard:2012,
title = {{Long-distance Degree Quantification and the Grammar of Subjectivity}},
author = {Bouchard, David-Étienne},
year = {2012},
school = {McGill University}
}

@book{Kennedy:1999a,
  title={{Projecting the Adjective: The Syntax and Semantics of Gradability and Comparison}},
  author={Kennedy, Christopher},
  year={1999},
  publisher={Routledge}
}

@inproceedings{Kennedy:1999b,
  title={{From event structure to scale structure: Degree modification in deverbal adjectives}},
  author={Kennedy, Christopher and McNally, Louise},
  booktitle={{Proceedings of SALT}},
  volume={9},
  pages={163-180},
  year={1999}
}

@incollection{Cresswell:1976,
  title={The semantics of degree},
  author={Cresswell, Max},
  booktitle={Montague Grammar},
  pages={261-292},
  editor = {Barbara Partee},
  year={1976},
  publisher={Academic Press},
  address = {New York}
}

@article{vonStechow:1984,
  title={Comparing semantic theories of comparison},
  author={Von Stechow, Arnim},
  journal={Journal of Semantics},
  volume={3},
  number={1},
  pages={1-77},
  year={1984}
}

@phdthesis{Stateva:2002,
author = {Stateva, Penka},
year = {2002},
title = {{How Different are Different Degree Constructions?}},
school = {University of Connecticut}
}

@article{Kemenade:2003,
  title={{Particles and prefixes in Dutch and English}},
  author={van Kemenade, Ans and Los, Bettelou},
  journal={Yearbook of Morphology},
  pages={79-117},
  year={2003},
  publisher={Springer}
}

@article{BeckMalamud:2012,
author = {Beck, Jana and Sophia A. Malamud and Irena Osadcha},
title = {{A semantics for the particle $\alpha$$\nu$ in and outside conditionals in Classical Greek}},
journal = {{Journal of Greek Linguistics}},
volume = {12},
year = {2012},
pages = {51-83}
}

@book{Kroeber:1999,
  title={{The Salish language family: Reconstructing syntax}},
  author={Kroeber, Paul D.},
  year={1999},
  publisher={University of Nebraska Press}
}

@book{Chomsky:1965,
  title={{Aspects of the Theory of Syntax}},
  author={Chomsky, Noam},
  volume={11},
  year={1965},
  publisher={The MIT press}
}

@misc{ME,
author = {Anthony Kroch and Ann Taylor},
year = {2000},
note = {{The Penn-Helsinki Parsed Corpus of Middle English (PPCME2). Department of Linguistics, University of Pennsylvania. CD-ROM, second edition}},
url = {http://www.ling.upenn.edu/hist-corpora/}
}

@misc{OE,
author = {Ann Taylor and Anthony Warner and Susan Pintzuk and Frank Beths},
year = {2003},
note = {{The York-Toronto-Helsinki Parsed Corpus of Old English Prose (YCOE). Department of Linguistics, University of York. Oxford Text Archive, first edition}},
url = {http://www-users.york.ac.uk/\~lang22/YcoeHome1.htm}
}

@inproceedings{Matthewson:2001,
  title={{A Salish stage in the acquisition of English determiners: Unfamiliar `definites'}},
  author={Matthewson, Lisa and Bryant, Tim and Roeper, Tom},
  booktitle={{The Proceedings of SULA: The Semantics of Under-Represented Languages in the Americas, University of Massachusetts Occasional Papers in Linguistics}},
  volume={25},
  pages={63-71},
  year={2001}
}

@phdthesis{Matthewson:1996,
  title={{Determiner Systems and Quantificational Strategies: Evidence from Salish}},
  author={Matthewson, Lisa},
  year={1998},
  school={University of British Columbia}
}

@article{Matthewson:2013,
  title={{Parametric variation in determiner systems: Salish vs. English}},
  author={Matthewson, Lisa},
  journal={{Anuario del Seminario de Filolog{\'\i}a ``Vasca Julio de Urquijo''}},
  pages={255-284},
  year={2013}
}

@incollection{Wood:2007,
 author = {Johanna L. Wood},
 title = {{Demonstratives and possessives: From Old English to present-day English}},
  booktitle={{Nominal Determination: Typology, Context Constraints, and Historical Emergence}},
  editor={Stark, Elisabeth and Leiss, Elisabeth and Abraham, Werner},
  volume={89},
  year={2007},
  publisher={John Benjamins}
}

@article{vanGelderen:2007,
  title={{The definiteness cycle in Germanic}},
  author={Van Gelderen, Elly},
  journal={{Journal of Germanic Linguistics}},
  volume={19},
  number={4},
  pages={275-308},
  year={2007},
  publisher={Cambridge University Press}
}

@article{Greenberg:1978,
  title={How does a language acquire gender markers?},
  author={Greenberg, Joseph H.},
  journal={{Universals of Human Language}},
  volume={3},
  pages={47-82},
  year={1978},
  publisher={Stanford University Press},
  address={ Stanford, California}
}

@inproceedings{Matthewson:2001,
  title={{A Salish stage in the acquisition of English determiners: Unfamiliar `definites'}},
  author={Matthewson, Lisa and Bryant, Tim and Roeper, Tom},
  booktitle={{The Proceedings of SULA: The Semantics of Under-Represented Languages in the Americas, University of Massachusetts Occasional Papers in Linguistics}},
  volume={25},
  pages={63-71},
  year={2001}
}

@misc{Matthewson:2012,
author = {Lisa Matthewson},
year = {2012},
title = {{A fieldworker's guide to the semantics of noun phrases}},
note = {Presentation at Amazonicas 4, University of Lima, April 28, 2012}
}

@article{Wallenberg:2011,
  title={{Icelandic parsed historical corpus (IcePaHC)}},
  author={Wallenberg, Joel C. and Ingason, Anton Karl and Sigur\textipa{D}sson, Einar Freyr and Rgnvaldsson, Eirkur},
  journal={{Version 0.9. Size}},
  volume={1},
  year={2011}
}

@article{Diessel:1999,
  title={The morphosyntax of demonstratives in synchrony and diachrony},
  author={Diessel, Holger},
  journal={{Linguistic Typology}},
  volume={3},
  pages={1-49},
  year={1999}
}

@article{Mattina:2006,
  title={{Determiner Phrases in Moses-Columbia Salish}},
  author={Mattina, Nancy},
  journal={{International Journal of American linguistics}},
  volume={72},
  number={1},
  pages={97-134},
  year={2006},
  publisher={JSTOR}
}

@incollection{Wiltschko:2009,
author = {Martina Wiltschko},
year = {2009},
title = {What's in a determiner and how did it get there?},
editor = {J. Ghomeshi and I. Paul and M. Wiltschko},
booktitle = {Determiners: universals and variation},
address = {Amsterdam},
publisher = {John Benjamins},
pages = {25-66}
}

@book{Lahiri:2002,
  title={Questions and answers in embedded contexts},
  author={Lahiri, Utpal},
  year={2002},
  publisher={Oxford University Press}
}

@article{Abrusan:2011,
  title={{Wh-islands in degree questions: A semantic approach}},
  author={Abrus{\'a}n, M{\'a}rta},
  journal={Semantics and Pragmatics},
  volume={4},
  pages={5-1},
  year={2011}
}

@inproceedings{SimonsBeaverRoberts:2011,
  title={What projects and why},
  author={Simons, Mandy and Tonhauser, Judith and Beaver, David and Roberts, Craige},
  booktitle={Proceedings of SALT},
  volume={20},
  pages={309-327},
  year={2011}}

@article{Dever:2001,
title = {Complex demonstratives},
author = {Josh Dever},
year = {2001},
journal = {Linguistics and Philosophy},
volume = {24},
pages = {271-330}}

@article{Neale:1993,
author = {Neale, Stephen},
year = {1993},
title = {Term limits},
editor = {Tomberlin, James E.},
journal = {Philosophical Perspectives},
volume = {7},
pages =  {89-123},
publisher = {Ridgeview},
address = {Atascadero}}

@article{LeporeLudwig:2000,
author = {Lepore, Ernest and Kirk Ludwig},
year = {2000},
title = {The semantics and pragmatics of complex demonstratives},
journal = {Mind},
volume = {109},
pages = {199-240}}

@article{Powell:2001,
author = {George Powell},
title = {Complex demonstratives},
journal = {{UCL Working Papers in Linguistics}},
year = {2001},
volume = {13}}

@article{BarwiseCooper:1981,
  title={Generalized quantifiers and natural language},
  author={Barwise, Jon and Cooper, Robin},
  journal={Linguistics and Philosophy},
  volume={4},
  number={2},
  pages={159-219},
  year={1981},
  publisher={Springer}}

@incollection{Grice:1975,
author = {Grice, Paul},
year = {1975},
title = {Logic and conversation},
editor = {Cole, P. and Morgan, J.},
booktitle = {Syntax and semantics. 3: Speech acts},
publisher = {Academic Press},
address = {New York},
pages = {41-58}}

@incollection{Bruge:2002,
title = {{The positions of demonstratives in the extended nominal projection}},
editor = {Cinque, G.},
author = {Laura Brug},
booktitle = {{Functional Structure in DP and IP}},
publisher = {Oxford University Press},
address = {New York},
pages = {15-53},
year = {2002}}

@incollection{Giusti:2002,
title = {{The functional structure of noun phrases. A bare phrase structure approach}},
booktitle = {{Functional structure in DP and IP: The cartography of syntactic structures}},
volume = {1},
author = {Giuliana Giusti},
editor = {G. Cinque},
pages = {54-90},
address = {Oxford},
publisher = {Oxford University Press},
year = {2002}}

@article{Bernstein:1997,
  title={{Demonstratives and reinforcers in Romance and Germanic languages}},
  author={Bernstein, Judy B.},
  journal={Lingua},
  volume={102},
  number={2},
  pages={87-113},
  year={1997},
  publisher={Elsevier}}

@misc{Starke:2009,
title = {{Nanosyntax: a short primer to a new approach to language}},
author = {Michal Starke},
url = {http://www.ub.uit.no/baser/nordlyd/},
year = {2009},
note = {Ms. University of Troms¿}}

@article{Koopman:2005,
author = {Hilda Koopman},
title = {{Korean (and Japanese) morphology from a syntactic perspective}},
journal = {Linguistic Inquiry},
year = {2005},
volume = {36},
pages = {601Ð633}}

@book{Julien:2002,
title = {{Syntactic Heads and Word Formation}},
author = {Marit Julien},
year = {2002},
publisher = {OUP}}

@book{Heinrichs:1954,
  title={{Studien zum bestimmten Artikel in den germanischen Sprachen}},
  author={Heinrichs, Heinrich Matthias},
  volume={1},
  year={1954},
  publisher={W. Schmitz}}

@book{Buring:2016,
author={Daniel B\"{u}ring},
year={2016},
title={Focus, Questions and Givenness. Questions in Discourse},
address={Holland},
publisher={Brill}
}

@misc{Buring:2011,
author = {Büring, Daniel},
year = {2011},
title = {Conditional exhaustivity presuppositions in clefts (and definites)},
note = {Ms. ZAS/Vienna}}

@incollection{Hedberg:toappear,
author = {Hedberg, Nancy},
title = {Multiple focus and cleft sentences},
editor = {A. Haida and K. Hartmann and T. Veenstra},
booktitle = {{The Structure of Clefts}},
address = {Amsterdam},
year= {In press},
key = {Hedberg in press},
publisher = {John Benjamins}}

@inproceedings{Schlenker:2004,
  title={{Minimize restrictors! (Notes on definite descriptions, Condition C and epithets)}},
  author={Schlenker, Philippe},
  booktitle={Proceedings of Sinn und Bedeutung},
  pages={385-416},
  year={2004}}

@incollection{HalleMarantz:1993,
author = {Halle, Morris and Alec Marantz},
year = {1993},
title = {{Distributed Morphology and the pieces of inflection}},
booktitle = {The View from Building 20},
editor = {Kenneth Hale and S. Jay Keyser},
publisher = {MIT Press},
address = {Cambridge},
pages = {111-176}}

@incollection{Partee:1987,
  title={Noun phrase interpretation and type-shifting principles},
  author={Partee, Barbara},
  booktitle={{Studies in Discourse Representation Theory and the Theory of Generalized Quantifiers}},
  volume={8},
  pages={115-143},
  year={1987},
  publisher={Dordrecht: Foris}}

@book{Sternefeld:2008,
author = {Sternefeld, Wolfgang},
year = {2008},
title = {{Syntax, Eine morphologisch motivierte generative Beschreibung des Deutschen}},
publisher = {Stauffenburg}}

@incollection{LarsonYamakido:2008,
author = {Larson, Richard and Hiroko Yamakido},
year = {2008},
title = {Ezafe and the deep position of nominal modifiers},
booktitle = {{Adjectives and Adverbs. Syntax, Semantics, and Discourse}},
editor = {Louise McNally and Christopher Kennedy},
pages = {43-70},
address = {Oxford},
publisher = {Oxford University Press}}

@book{Chierchia:1995,
title = {{Dynamics of Meaning: Anaphora, Presupposition, and the Theory of Grammar}},
publisher = {University of Chicago Press},
address = {Chicago},
author = {Chierchia, Gennaro},
year = {1995}}

@book{Maratsos:1976,
  title={{The use of definite and indefinite reference in young children: An experimental study of semantic acquisition}},
  author={Maratsos, Michael P.},
  year={1976},
  publisher={Cambridge University Press}},
  address = {Cambridge}
  
@incollection{Partee:2006,
  title={{A note on Mandarin possessives, demonstratives, and definiteness}},
  author={Partee, Barbara H.},
  booktitle={{Drawing the Boundaries of Meaning: Neo-Gricean Studies in Pragmatics and Semantics in Honor of Laurence R. Horn}},
  pages={263-280},
  year={2006},
  publisher={John Benjamins},
  address = {Amsterdam}
}

@article{Heusinger:2004,
  title={{Choice functions and the anaphoric semantics of definite NPs}},
  author={Von Heusinger, Klaus},
  journal={Research on Language and Computation},
  volume={2},
  number={3},
  pages={309-329},
  year={2004},
  publisher={Springer}}

@article{Donnellan:1966,
  title={Reference and definite descriptions},
  author={Donnellan, Keith S.},
  journal={The Philosophical Review},
  volume={75},
  number={3},
  pages={281-304},
  year={1966},
  publisher={JSTOR}}

@book{Zhang:2007,
  title={{The two positions of Chinese relative clauses}},
  author={Zhang, Lan},
  year={2007},
  publisher={ProQuest}}

@article{BachCooper:1978,
  title={{The NP-S analysis of relative clauses and compositional semantics}},
  author={Bach, Emmon W. and Cooper, Robin},
  journal={Linguistics and Philosophy},
  volume={2},
  number={1},
  pages={145-150},
  year={1978},
  publisher={Springer}}

@book{Lyons:1977,
  title={Semantics},
  author={Lyons, John},
  year={1977},
  publisher={Cambridge University Press}}

@incollection{Tabakowska:1980,
  title={{Existential presuppositions and the choice of head NP determiner in English restrictive relative clauses}},
  author={Tabakowska, El{\.z}bieta},
  booktitle={The Semantics of Determiners},
  pages={189-210},
  editor={Van der Auwera, Johan},
  year={1980},
  publisher={Routledge}}

@article{Lin:2003,
  title={{On restrictive and non-restrictive relative clauses in Mandarin Chinese}},
  author={Lin, Jo-wang},
  journal={Tsinghua Journal of Chinese Studies},
  volume={33},
  number={1},
  pages={199-240},
  year={2003}}

@article{Chemla:2008,
  title={An epistemic step for anti-presuppositions},
  author={Chemla, Emmanuel},
  journal={Journal of Semantics},
  volume={25},
  number={2},
  pages={141-173},
  year={2008},
  publisher={Oxford University Press}
}

@phdthesis{Gillon:2006,
  title={The semantics of determiners: Domain restriction in Skwxw{\'u}7mesh},
  author={Gillon, Carrie S.},
  year={2006},
  school={University of British Columbia}
}

@misc{Grimshaw:1991,
author = {Jane Grimshaw},
year = {1991},
title = {Extended Projection},
note = {Ms. Brandeis University}}

@misc{Pinon:2005,
author = {Christopher {Pi\~{n}\'{o}n}},
year = {2005},
title = {Comments on Morzycki and Katz},
note = {Ms.},
url = {http://pinon.sdf-eu.org/covers/cmk.html}}

@misc{MSU:2011,
year = {2011-2012},
author = {MSU},
note = {Corpus of Khanty texts collected by Moscow State University Linguistics under the supervision of S.Y. Toldova}}

@misc{FalcoZamparelli:2013,
title = {Partitive specificity and the format for indefinites},
author = {Michelangelo Falco and Roberto Zamparelli},
year = {2013},
note = {Handout for a talk at the 39th \textit{Incontro di Grammatica Generativa (IGG39)}}}

@article{Enc:1991,
  title={The semantics of specificity},
  author={En{\c{c}}, Mürvet},
  journal={Linguistic Inquiry},
  pages={1-25},
  volume={22},
  year={1991},
  publisher={JSTOR}
}

@misc{Kratzer:2003,
  title={A note on choice functions in context},
  author={Kratzer, Angelika},
  note={Ms.},
  year={2003}}

@article{AbrusanSpector:2011,
  title={{A semantics for degree questions based on intervals: Negative islands and their obviation}},
  author={Abrus{\'a}n, M{\'a}rta and Spector, Benjamin},
  journal={Journal of Semantics},
  volume={28},
  number={1},
  pages={107-147},
  year={2011},
  publisher={Oxford University Press}
}

@book{Radford:2004,
  title={{Minimalist syntax: Exploring the structure of English}},
  author={Radford, Andrew},
  year={2004},
  publisher={Cambridge University Press},
  address={Cambridge}
}

@article{Jimenez:2012,
  title={A new look at subject islands: The phasehood of definiteness},
  author={Jiménez-Fern{\'a}ndez, {\'A}ngel L.},
  journal={Anglica Wratislaviensia},
  volume={50},
  pages={137-168},
  year={2012}}

@article{vonFintel:2008,
  title={What is presupposition accommodation, again?},
  author={von Fintel, Kai},
  journal={Philosophical Perspectives},
  volume={22},
  number={1},
  pages={137-170},
  year={2008},
  publisher={Wiley Online Library}
}

@article{Stalnaker:1973,
author = {Robert Stalnaker},
year = {1973},
title = {Presuppositions},
journal = {Journal of Philosophical Logic},
volume = {2},
pages = {447-457}}

@phdthesis{Horn:1972,
	Author = {Horn, Laurence R.},
	School = {UCLA},
	Title = {{On the Semantic Properties of Logical Operators in English}},
	Year = {1972}}

@article{Manzini:1998,
  title={A minimalist theory of weak islands},
  author={Manzini, Maria-Rita},
  journal={Syntax and Semantics},
  pages={185-210},
  year={1998},
  publisher={Academic Press Limited}}

@phdthesis{Ross:1967,
author = {Ross, John R.},
year = {1967},
title = {{Constraints on Variables in Syntax}},
school = {Massachusetts Institute of Technology}}

@incollection{Chomsky:2008,
  title={On phases},
  author={Chomsky, Noam},
  booktitle={Foundational issues in linguistic theory},
  editor = {R. Freidin and C. P. Otero and M.-L. Zubizarreta},
  pages={133-166},
  year={2008},
  publisher={MIT press},
  address = {Cambridge, MA}
}

@incollection{Oshima:2007,
  title={{On Factive Islands: Pragmatic anomaly vs. pragmatic infelicity}},
  author={Oshima, David Y.},
  booktitle={{New Frontiers in Artificial Intelligence}},
  pages={147-161},
  year={2007},
  publisher={Springer},
  address={Berlin}
}

@incollection{Kratzer:1998,
author = {Angelika Kratzer},
year = {1998},
title = {{Scope or Pseudo-Scope: Are there Wide-Scope Indefinites?}},
editor = {Susan Rothstein},
pages = {163-196},
booktitle = {Events in Grammar},
publisher = {Kluwer},
address = {Dordrecht}
}

@article{Reinhart:1997,
  title={{Quantifier scope: How labor is divided between QR and choice functions}},
  author={Reinhart, Tanya},
  journal={Linguistics and Philosophy},
  volume={20},
  number={4},
  pages={335-397},
  year={1997},
  publisher={Springer}
}

@article{KarttunenPeters:1979,
author = {Karttunen, Lauri and Stanley Peters},
year = {1979},
title = {Conventional Implicature},
journal = {Syntax and Semantics},
volume = {11},
issue = {Presuppositions},
pages = {1-56}
}

@misc{Schwarz:2013,
author = {Bernhard Schwarz},
title = {Wide scope \textit{even} and biased questions},
year = {2013},
note = {Lecture notes in semantics, McGill University}
}

@misc{Gerland:2011,
author = {Gerland, Doris},
year = {2011},
title = {From possessive suffixes to definite articles},
note = {{Handout for LSALAA 2011, CNRS/Paris 8}}
}

@article{Kratzer:1989,
  title={An investigation of the lumps of thought},
  author={Kratzer, Angelika},
  journal={Linguistics and Philosophy},
  volume={12},
  number={5},
  pages={607-653},
  year={1989},
  publisher={Springer}
}

@incollection{Scheutz:1988,
  title = {{Determinantien und Definitheitsarten im Bairischen und Standarddeutschen}},
  author = {Scheutz, Hannes},
  booktitle = {{Festschrift f\"{u}r Ingo Reiffenstein zum 60. Geburtstag}},
  publisher = {K\"{u}mmerle},
  address = {Göppingen},
  pages = {231-258},
  year = {1988}
}

@misc{BrykinaSudobina:2005,
author={Brykina, Maria and Alexandra Sudobina},
title={{Diskusivnye funktsii posessivnyh pokazatelej v ural'skih yazykah (Discourse functions of possessive markers in Uralic languages)}},
year={2005},
note={Ms. Moscow State University}
}

@article{Farkas:2002,
  title={Specificity distinctions},
  author={Farkas, Donka F.},
  journal={Journal of Semantics},
  volume={19},
  number={3},
  pages={213-243},
  year={2002},
  publisher={Oxford University Press}
}

@inproceedings{Hofherr:2013,
author = {Patricia Cabredo Hofherr},
year = {2013},
title = {Reduced definite articles with restrictive relative clause},
booktitle = {{Proceedings of Languages with and without Articles}},
volume = {5}}

@phdthesis{Tsao:1977, 
title = {{A Functional Study of Topic in Chinese: The First Step towards Discourse Analysis}},
year = {1977},
author = {Tsao, Feng-fu},
school = {University of Southern California, Los Angeles}
}

@phdthesis{Erteschik:1973,
  title={{On the Nature of Island Constraints}},
  author={Erteschik-Shir, Nomi},
  year={1973},
  school={Massachusetts Institute of Technology}}

@article{Barker:1998,
  title={Partitives, double genitives and anti-uniqueness},
  author={Barker, Chris},
  journal={Natural Language \& Linguistic Theory},
  volume={16},
  number={4},
  pages={679-717},
  year={1998},
  publisher={Springer}
}

@article{Jackendoff:1968,
  title={Possessives in English},
  author={Jackendoff, Ray},
  journal={Studies in transformational grammar and related topics},
  editors={S. Anderson and R. Jackendoff and S. J. Keyser},
  pages={25-51},
  year={1968}
}

@misc{Heim:2004,
  title={{Lecture notes on indexicality}},
  author={Heim, Irene},
  year={2004},
  note={Ms. MIT}
}

@article{SzabolcsiZwarts:1993,
  title={Weak islands and an algebraic semantics for scope taking},
  author={Szabolcsi, Anna and Zwarts, Frans},
  journal={Natural Language Semantics},
  volume={1},
  number={3},
  pages={235-284},
  year={1993},
  publisher={Springer}}

@article{Nunberg:1993,
  title={Indexicality and deixis},
  author={Nunberg, Geoffrey},
  journal={Linguistics and Philosophy},
  volume={16},
  number={1},
  pages={1-43},
  year={1993},
  publisher={Springer}}

@article{Bluemel:2011,
  title={{\textit{Derjenige} determiner that wants a relative clause}},
  author={Bl\"{u}mel, Andreas},
  journal={University of Pennsylvania Working Papers in Linguistics},
  volume={17},
  number={1},
  pages={4},
  year={2011}}

@incollection{Platzack:2000,
  title={{A complement-of-N$^{o}$ account of restrictive and non-restrictive relatives: The case of Swedish}},
  author={Platzack, Christer},
  booktitle={The Syntax of Relative Clauses. Amsterdam/Philadelphia},
  publisher = {John Benjamins},
  pages={265-308},
  year={2000}}

@phdthesis{Delsing:1993,
  title={{The Internal Structure of Noun Phrases in the Scandinavian Languages: a Comparative Study}},
  author={Delsing, Lars-Olof},
  year={1993},
  school={University of Lund}}

@phdthesis{Perridon:1989,
  title={{Reference, definiteness and the noun phrase in Swedish}},
  author={Perridon, Harry},
  year={1989},
  school={Universiteit van Amsterdam}
}

@incollection{LaCara:2011,
  title={{A definite problem: The morphosyntax of double definiteness in Swedish}},
  author={LaCara, Nicholas},
  booktitle={{Morphology at Santa Cruz: Papers in Honor of Jorge Hankamer}},
  publisher={Linguistic Research Center},
  address={UC Santa Cruz},
  year={2011},
  url={http://escholarship.org/uc/item/90m74985}
}

@book{Stockwell:1973,
  title={The major syntactic structures of {E}nglish},
  author={Stockwell, Robert P. and Schachter, Paul and Partee, Barbara Hall},
  volume={2},
  year={1973},
  publisher={Holt, Rinehart and Winston},
  address={New York}
  }

@book{Bach:1974,
  title={{Syntactic Theory}},
  author={Bach, Emmon W.},
  year={1982},
  publisher={University Press of America}
}

@book{King:2001,
  title={{Complex Demonstratives: A Quantificational Account}},
  author={King, Jeffrey C.},
  year={2001},
  publisher={MIT Press},
  address={Cambridge, MA}
  }

@inproceedings{CaponigroSprouse:2007,
  title={Rhetorical questions as questions},
  author={Caponigro, Ivano and Sprouse, Jon},
  booktitle={Proceedings of Sinn und Bedeutung},
  editor={Estela Puig-Waldm\"{u}ller},
  address={Barcelona},
  publisher={Universitat Pompeu Fabra},
  volume={11},
  pages={121-133},
  year={2007}
}

@article{Samuels:2010,
  title={{Phonological Derivation by Phase: Evidence from Basque}},
  author={Samuels, Bridget},
  journal={University of Pennsylvania Working Papers in Linguistics},
  volume={16},
  number={1},
  pages={19},
  year={2010}
}

@article{Bhatt:2002,
  title={{The raising analysis of relative clauses: Evidence from adjectival modification}},
  author={Bhatt, Rajesh},
  journal={Natural Language Semantics},
  volume={10},
  number={1},
  pages={43-90},
  year={2002},
  publisher={Springer}
}

@article{Fox:2002,
  title={Antecedent-contained deletion and the copy theory of movement},
  author={Fox, Danny},
  journal={Linguistic Inquiry},
  volume={33},
  number={1},
  pages={63-96},
  year={2002},
  publisher={MIT Press}
}

@article{HulseySauerland:2006,
  title={Sorting out relative clauses},
  author={Hulsey, Sarah and Sauerland, Uli},
  journal={Natural Language Semantics},
  volume={14},
  number={2},
  pages={111-137},
  year={2006},
  publisher={Springer}
}

@incollection{Giusti:1997,
  title={The categorial status of determiners},
  author={Giusti, Giuliana},
  booktitle={{The New Comparative Syntax}},
  editor={Liliane M. V. Haegeman},
  pages={95-123},
  year={1997},
  publisher={Longman},
  address={London}
}

@book{AlexiadouEtAl:2007,
  title={{Noun Phrase in the Generative Perspective}},
  author={Alexiadou, Artemis and Haegeman, Liliane and Stavrou, Melita},
  year={2007},
  publisher={Mouton de Gruyter},
  address={Berlin}
}

@book{Dayal:1996,
  title={{Locality in WH quantification: Questions and relative clauses in Hindi}},
  author={Dayal, Veneeta},
  year={1996},
  publisher={Kluwer Academic Publishers},
  address={Dordrecht}
}

@article{Karttunen:1977,
  title={Syntax and semantics of questions},
  author={Karttunen, Lauri},
  journal={Linguistics and Philosophy},
  volume={1},
  number={1},
  pages={3-44},
  year={1977},
  publisher={Springer}
}

@misc{BruggerPrinzhorn:1996,
author={Brugger, Gerhard and Martin Prinzhorn},
title={{Some properties of German determiners}},
year={1996},
note={Ms. University of Vienna}
}

@inproceedings{SchwarzShimoyama:2011,
  title={{Negative Islands and obviation by `wa' in Japanese degree questions}},
  author={Schwarz, Bernhard and Shimoyama, Junko},
  booktitle={Proceedings of SALT},
  volume={20},
  pages={702-719},
  year={2011}}

@inproceedings{Abrusan:2008,
  title={A semantic analysis of negative islands with manner questions},
  author={Abrus{\'a}n, M{\'a}rta},
  booktitle={Proceedings of Sinn und Bedeutung},
  editor={Atle Gr\o n},
  publisher={Department of Literature, Area Studies and European Languages, University of Oslo},
  address={Oslo},
  volume={12},
  pages={1-16},
  year={2008}
}

Atle Grønn (ed.), Oslo:  Department of Literature, Area Studies and European Languages, University of Oslo.

@article{FoxHackl:2006,
  title={The universal density of measurement},
  author={Fox, Danny and Hackl, Martin},
  journal={Linguistics and Philosophy},
  volume={29},
  number={5},
  pages={537-586},
  year={2006},
  publisher={Springer}
}

@article{CondoravdiKiparsky:2001,
  title={Clitics and clause structure},
  author={Condoravdi, Cleo and Kiparsky, Paul},
  journal={Journal of Greek Linguistics},
  volume={2},
  number={1},
  pages={1-39},
  year={2001},
  publisher={BRILL}
}

@incollection{Kaye:1995,
  title={Derivations and Interfaces},
  author={Kaye, Jonathan},
  editor={Jacques Durand and Francis Katamba},
  booktitle={Frontiers of Phonology},
  pages={289-332},
  year={1995},
  publisher={Routledge},
  address={London and New York}
}

@book{Collinder:1955,
author={Björn Collinder},
year={1955},
title={{Comparative grammar of the Uralic languages}},
address={Stockholm},
publisher={UP}
}

@incollection{Nikolaeva:2003,
author={Irina Nikolaeva},
title={{Possessive affixes as markers of information structuring: Evidence from Uralic}},
year={2003},
booktitle={{International Symposium on Deictic Systems and Quantification in Languages spoken in Europe and North and Central Asia}},
editor={P. Suihkonen and B. Comrie},
address={Izhevsk; Leipzig},
publisher={Udmurt State University; Max Planck Institute of Evolutionary Anthropology},
pages={130-145}
}

@article{Abusch:2010,
title={Presupposition triggering from alternatives},
author={Dorit Abusch},
year={2010},
volume={27},
number={1},
pages={37-80},
journal={Journal of Semantics}
}

@phdthesis{GroenendijkStokhof:1984,
author={Jeroen Groenendijk and Martin Stokhof},
title={{Studies on the Semantics of Questions and the Pragmatics of Answers}},
year={1984},
school={Universiteit van Amsterdam}
}

@phdthesis{Guerzoni:2003,
  title={{Why \textit{Even} Ask?}},
  author={Guerzoni, Elena},
  year={2003},
 school={Massachusetts Institute of Technology}}

@article{Elbourne:2008,
  title={Demonstratives as individual concepts},
  author={Elbourne, Paul},
  journal={Linguistics and Philosophy},
  volume={31},
  number={4},
  pages={409-466},
  year={2008},
  publisher={Springer}
}

@book{Buring:2005,
  title={Binding Theory},
  author={Büring, Daniel},
  year={2005},
  publisher={Cambridge University Press}
}

@article{Wiltschko:2012,
  title={What does it take to host a (restrictive) relative clause?},
  author={Wiltschko, Martina},
  journal={Working Papers of the Linguistics Circle of the University of Victoria},
  volume={21},
  editor={Akitsugu Nogita},
  number={2},
  pages={100-145},
  year={2012}
}

@article{Simango:1999,
  title={{Lexical and syntactic causatives in Bantu}},
  author={Simango, Sylvester Ron},
  journal={Linguistic Analysis},
  volume={29},
  number={1/2},
  pages={69-86},
  year={1999}
}

@book{Mchombo:2004,
  title={The syntax of {C}hichewa},
  author={Mchombo, Sam},
  year={2004},
  publisher={Cambridge University Press}
}

@incollection{Travis:2000,
author={Travis, Lisa},
year={2000},
title={{Event structure in syntax}},
booktitle={{Events as Grammatical Objects: The Converging Perspectives of Lexical Semantics and Syntax}},
editors={Carol Tenny and James Pustejovsky},
pages={145-185},
publisher={CSLI},
address={Stanford}
}

@book{Basboll:2005,
  title={{The phonology of Danish}},
  author={Basb{\o}ll, Hans},
  year={2005},
  publisher={Oxford University Press}
}

@article{Hertz:1989,
  title={{Anaphor binding and narrative point of view: English reflexive pronouns in sentence and discourse}},
  author={Zribi-Hertz, Anne},
  journal={Language},
  pages={695-727},
  year={1989},
  publisher={JSTOR}
}

@incollection{Barker:2008,
  title={Possessives and relational nouns},
  author={Barker, Chris},
  booktitle={{Semantics: An International Handbook of Natural Language Meaning}},
  year={2008},
  address={Berlin},
  publisher={Mouton de Gruyter}
}

@phdthesis{Hestvik:1990,
  title={{LF Movement of Pronouns and the Computation of Binding Domains}},
  author={Hestvik, Arild},
  year={1990},
 school={Brandeis University, Waltham, MA}
}

@article{RunnerEtAl:2006,
author={Runner, Jeffrey, Rachel S. Sussman and Michael K. Tanenhaus},
year={2006},
title={Processing Reflexives and Pronouns in {Picture Noun Phrases}},
journal={Cognitive Science},
volume={30},
page={193-241}
}

@misc{Minor:2011,
  title={{Complex Indices and a Blocking Account of the Sequence of Tenses}},
  author={Serge Minor},
  note={{Ms. CASTL, University of Troms¿}},
  key={{Minor, ms}},
  year={2011}
}

@article{Fiengo:1987,
     title = {{Definiteness, Specificity, and Familiarity}},
     author = {Fiengo, Robert},
     journal = {Linguistic Inquiry},
     volume = {18},
     number = {1},
     pages = {163-166},
     url = {http://www.jstor.org/stable/4178532},
     year = {1987},
     publisher = {The MIT Press},
    }

@article{FiengoHigginbotham:1981,
  title={{Opacity in NP}},
  author={Fiengo, Robert and Higginbotham, James},
  journal={Linguistic Analysis},
  volume={7},
  number={4},
  pages={395-421},
  year={1981}
}

@article{Hicks:2012,
  title={{Cross-Germanic Variation in Binding Condition B}},
  author={Hicks, Glyn},
  journal={Comparative Germanic Syntax: The State of the Art},
  editor={Ackema, P. and Alcorn, R. and Heycock, C. and Jaspers, D. and van Craenenbroeck, J. and Vanden Wyngaerd, G.},
  pages={169-198},
  year={2012},
  address={Amsterdam},
  publisher={John Benjamins}
}

@incollection{Rooth:2007,
author={Mats Rooth},
title={Notions of Focus Anaphoricity},
booktitle={Interdisciplinary Studies on Information Structure},
volume={6},
year={2007},
editor={C. Féry and G. Fanselow and M. Krifka},
pages={57-67}
}

@article{Baker:1985,
author={Mark Baker},
year={1985},
journal={Linguistic Inquiry},
title={{The Mirror Principle and Morphosyntactic Explanation}},
volume={16},
number={3}
}

@incollection{Riad:2003,
author={Riad, Tomas},
year={2003},
title={Bestämdhetssuffixens form och tv\aa stavigheten},
booktitle={{Grammatik i focus. Festskrift till Christer Platzack 18 november 2003}},
publisher={Institutionen för nordiska spr\aa k},
editors={Lars-Olof Delsing, Cecilia Falk, Gunlög Josefsson, Halldör Sigur\partial sson},
pages={145-152}
}

@article{Vikner:1985,
  title={{Parameters of binder and of binding category in Danish}},
  author={Vikner, Sten},
  year={1985},
  journal={Working Papers in Scandinavian Syntax},  
  volume={23},
  pages={1-61}
}

@article{KratzerSelkirk:2007,
  title={{Phase theory and prosodic spellout: The case of verbs}},
  author={Kratzer, Angelika and Selkirk, Elizabeth},
  journal={Linguistic Review},
  volume={24},
  number={2/3},
  pages={93},
  year={2007},
  publisher={Walter de Gruyter \& Co.}
}

@misc{Despic:2011,
author = {Despi\'{c}, Miloje},
title = {{Syntax in the Absence of Determiner Phrase}},
school = {University of Connecticut},
year = {2011}
}

@misc{PiggottTravis:2012,
title={{Wordhood and word internal domains: A project report}},
author={Glyne Piggott and Lisa Travis},
note={Handout for a talk at the workshop Exploring the Interfaces (ETI) 1: word structure. McGill University. May 6-8},
year={2012}
}

@inproceedings{Dobler:2013,
  title={{Morpho-phonological Edge Phenomena}},
  author={Eva Dobler},
  year={2013},
  booktitle={Proceedings of the 40th annual meeting of the North East Linguistic Society (NELS 40)}
  }
  
@article{CardinalettiStarke:1999,
  title={The typology of structural deficiency: A case study of the three classes of pronouns},
  author={Cardinaletti, Anna and Starke, Michal},
  journal={Empirical Approaches to Language Typology},
  pages={145-234},
  year={1999},
  publisher={Mouton de Gruyter}
}

@article{DechaineWiltschko:2002,
  title={Decomposing pronouns},
  author={Déchaine, Rose-Marie and Wiltschko, Martina},
  journal={Linguistic Inquiry},
  volume={33},
  number={3},
  pages={409-442},
  year={2002},
  publisher={MIT Press}
}

@book{KeenanPaperno:2012,
  title={Handbook of Quantifiers in Natural Language},
  author={Keenan, Edward L. and Paperno, Denis},
  volume={90},
  year={2012},
  publisher={Springer Verlag}
}

@inproceedings{Boskovic:2008,
  title={{What will you have, DP or NP?}},
  author={Bo\v{s}kovi\'{c}, \v{Z}eljko},
  booktitle={Proceedings of the 37th annual meeting of the North East Linguistic Society (NELS 37)},
  editor={Elfner, E. and M. Walkow},
  publisher={BookSurge},
  year={2008}
}

@article{Ritter:1992,
  title={Cross-linguistic evidence for number phrase},
  author={Ritter, Elizabeth},
  journal={Canadian Journal of Linguistics},
  volume={37},
  number={2},
  pages={197-218},
  year={1992}
}

@misc{Butler:2011,
  title={{The DP-adjoined plural in Yucatec Maya and the syntax of plural marking}},
  author={Butler, Lindsay},
  year={2011},
  note={Preprint submitted to Lingua}
  }

@article{Szabolcsi:1994,
  title={The noun phrase},
  author={Szabolcsi, Anna},
  journal={Syntax and semantics},
  volume={27},
  pages={179-274},
  year={1994}
}

@article{Brame:1982,
  title={The head-selector theory of lexical specifications and the nonexistence of coarse categories},
  author={Brame, Michael},
  journal={Linguistic Analysis},
  volume={10},
  number={4},
  pages={321-325},
  year={1982}
}

@phdthesis{Abney:1987,
  title={{The English noun phrase in its sentential aspect}},
  author={Abney, Steven Paul},
  year={1987},
 school={Massachusetts Institute of Technology}}

@article{Bernstein:2001,
  title={{The DP hypothesis: Identifying clausal properties in the nominal domain}},
  author={Bernstein, Judy},
  journal={The handbook of contemporary syntactic theory},
  pages={536-561},
  year={2001},
  publisher={Wiley Online Library}
}

@book{Cinque:2010,
  title={{The syntax of adjectives: A comparative study}},
  author={Cinque, Guglielmo},
  booktitle={Linguistic Inquiry Monographs 57},
  publisher={MIT Press},
  year={2010}
}

@phdthesis{Leeuw:1997,
  title={{Clitics: Prosodic Studies}},
  author={Van der Leeuw, Frank},
  year={1997},
  school={Holland Institute of Generative Linguistics}
}

@misc{Bermudez:2009,
  title={{Cyclic domains and prosodic spans in the phonology of European Portuguese functional morphs}},
  author={Berm{\'u}dez-Otero, Ricardo and Ana R. Lu{\'i}s},
  note={{Handout for a talk at the Old World Conference in Phonology 6}},
  address={Edinburgh},
  year={2009}
}

@book{Rooryck:2011,
  title={{Dissolving Binding Theory}},
  author={Rooryck, Johan and Guido J. Vanden Wyngaerd},
  year={2011},
  publisher={Oxford University Press, USA}
}

@incollection{Progovac:1996,
  title={{Clitics in Serbian/Croatian: Comp as the second position}},
  author={Progovac, Ljiljana},
  booktitle={{Approaching second: Second position clitics and related phenomena}},
  pages={411-428},
  editor={Aaron L. Halpern and Arnold M. Zwicky},
  publisher={CLSI},
  year={1996}
}

@incollection{Halpern:2001,
  booktitle={{The handbook of Morphology}},
  title={Clitics},
  editor={Spencer, Andrew and Arnold M. Zwicky},
  author={Aaron L. Halpern},
  year={2001},
  publisher={Wiley-Blackwell}
}

@article{ZwickyPullum:1983,
title={Cliticization vs. inflection: English n't},
  author={Zwicky, Arnold M. and Geoffrey K. Pullum},
  journal={Language},
 pages={502-513},
  year={1983},
  publisher={JSTOR}
}

@incollection{Anderson:2011,
  title={Clitics},
  author={Anderson, Stephen R.},
  booktitle={{Blackwell Companion to Phonology}},
  publisher= {Blackwell},
  address={Oxford},
  editor={Marc van Oostendorp and Colin J. Ewen and Elizabeth V. Hume and Keren Rice},
  year={2011}
}

@article{Lahiri:2005b,
  title={{Lexical specification of tone in North Germanic}},
  author={Lahiri, Aditi and Allison Wetterlin and Elizabet J{\"o}nsson-Steiner},
  journal={Nordic Journal of Linguistics},
  volume={28},
  number={01},
  pages={61-96},
  year={2005b},
  publisher={Cambridge University Press}}

@incollection{Lahiri:2011,
  title={Phonological Trochaic Grouping in Language Planning and Language Change},
  author={Lahiri, Aditi and Wheeldon, Linda},
  booktitle={{Prosodic Categories: Production, Perception and Comprehension}},
  editor={S\'{o}nia Frota, Gorka Elordieta, Pilar Prieto},
  pages={17-38},
  year={2011},
  publisher={Springer}}

@phdthesis{Bader:2011,
  title={{Constraining Operations: A Phase-based Account of Improper Movement and Anaphoric Binding}},
  author={Bader, Monika},
  year={2011},
  school = {Universitetet i Troms{\o}}}

@article{Katzir:2011,
  title={Morphosemantic mismatches, structural economy, and licensing},
  author={Katzir, Roni},
  journal={Linguistic Inquiry},
  volume={42},
  number={1},
  pages={45-82},
  year={2011},
  publisher={MIT Press}}

@article{KennedyMcNally:2005,
  title={Scale structure, degree modification, and the semantics of gradable predicates},
  author={Kennedy, Christopher and McNally, Louise},
  journal={Language},
  pages={345-381},
  year={2005},
  publisher={JSTOR}
}

@article{KennedyMcNally:2010,
  title={Color, context, and compositionality},
  author={Kennedy, Christopher and Louise McNally},
  journal={Synthese},
  volume={174},
  number={1},
  pages={79-98},
  year={2010},
  publisher={Springer}}

@phdthesis{vonFintel:1994,
 title = {{Restrictions on Quantifier Domains}},
 author = {von Fintel, Kai},
 year = {1994},
 school = {University of Massachusetts, Amherst}
 }

@incollection{Kashkin:2008,
author={Kashkin, Egor},
year={2008},
title={Osobennosti upotreblenija posessivnyh pokazatelej v izhemskom dialekte komi-zyrjanskogo jazyka (Aspects of the use of possessive markers in Izhem Komi)},
editor={N. N. Kazanskij},
booktitle={{Acta Linguistica Petropolitana}},
volume={IV},
address={Saint Petersburg},
pages={81-85}
}

@incollection{Kuznetsova:2012,
author={Ariadna I. Kuznetsova},
year={2012},
title={Kumuljatsija grammatititcheskih znatchenij v agglutinativnyh pokazateljah: deiktitcheskie funktsii posessiva v ural'skih jazykah (Cumulation of grammatical meanings in agglutinative markers)},
editor={Serdobolskaya, N. V. and Toldova, C. Y. and Say, S. S. and Kalinina E. Y.},
booktitle={{Finno-ugorskie jazyki. Fragmenty grammaticheskogo opisanija (Essays on the grammar of Finno-Ugric languages)}},
address={Moscow},
publisher={Languages of the Slavic cultures}
}

@incollection{Fraurud:2001,
  title={Possessives with extensive use},
  author={Fraurud, Kari},
  booktitle={{Dimensions of Possession}},
  pages={243-267},
  year={2001},
  publisher={John Benjamins}
}


@incollection{Vangsnes:1998a,
author={Vangsnes, {\O}ystein Alexander},
year={1998},
title={Omkring strukturen til definitte nominalfrasar i nordisk},
editor={Jan Terje Faarlund et al.},
booktitle={{MONS 7: Utvalde artiklar fr{\aa} det 7. M{\o}tet Om Norsk Spr{\aa}k i Trondheim 1997}},
publisher={Novus},
address={Oslo},
pages={252-269}
}

@article{FarkasSwart:2010,
title={The semantics and pragmatics of plurals},
author={Farkas, Donka F. and de Swart, Henri\"{e}tte E.},
journal={Semantics and Pragmatics},
volume={3},
pages={1-54},
year={2010}
}

@article{Bouchard:appear,
author={Bouchard, David-Étienne},
title={{Spelling-out French clitics}},
editors={J. Loughram and A. McKillen},
journal={McGill Working Papers in Linguistics},
volume={23},
numer={1},
year={to appear}
}

@incollection{Selkirk:1996,
author={Elizabeth Selkirk},
title={The prosodic structure of function words},
booktitle={{Signal to syntax: bootstrapping from speech to grammar in early acquisition}},
editors={J. Martin and K. Demuth},
publisher={Lawrence Erlbaum Associates, Inc.},
address={Mahwah, NJ},
year={1996},
pages={187-213}
}

@inproceedings{Michaels:2009,
author={Jennifer Michaels},
title={{To alternate or not to alternate: What is a boundary}},
year={2009},
booktitle={{Proceedings of the 40th annual meeting of the North East Linguistic Society}},
editor = {Seda Kan and Claire Moore-Cantwell and Robert Staubs},
publisher = {MIT}
}

@article{KabakVogel:2001,
  title={The phonological word and stress assignment in {T}urkish},
  author={Kabak, Baris and Vogel, Irene},
  journal={Phonology},
  pages={315-360},
  year={2001},
  publisher={JSTOR}
}

@book{FaarlundEtal:1997,
  title={Norsk referansegrammatikk},
  author={Faarlund, Terje Jan and Svein Lie and Kjell Ivar Vannebo},
  year={1997},
  publisher={Universitetsforlaget}
}

@phdthesis{Anderssen:2005,
author = {Anderssen, Merete},
title = {The acquisition of compositional definiteness in {Norwegian}},
school = {Universitetet i Troms{\o}},
year = {2005},
}

@phdthesis{Halmoy:2010,
author = {Madeleine Halm{\o}y},
title = {The {Norwegian} Nominal System: A Neo-saussurean Perspective},
school = {Universitetet i Troms{\o}},
year = {2010},}

@article{Kratzer:2009,
  title={Making a pronoun: Fake indexicals as windows into the properties of pronouns},
  author={Kratzer, Angelika},
  journal={Linguistic Inquiry},
  volume={40},
  number={2},
  pages={187-237},
  year={2009},
  publisher={MIT Press}
}

@book{Borer:2005,
  title={Structuring sense},
  author={Hagit Borer},
  year={2005},
  publisher={Oxford University Press}
}

@incollection{RitterWiltschko:2009,
author={Elizabeth Ritter and Martina Wiltschko},
title={Varieties of INFL: TENSE, LOCATION, and PERSON},
editor={H. Broekhuis and J. Craenenbroeck and H. van Riemsdijk},
booktitle={{Alternatives to Cartography}},
address={Berlin, New York},
publisher={Mouton de Gruyter},
year={2009}
}

@book{Perlmutter:1971,
author={David Perlmutter},
year={1971},
title={Deep and surface constraints in syntax},
publisher={Holt, Rinehart, and Winston},
address={New York}
}

@article{Sobin:2002,
  title={Determiners in genitive constructions},
  author={Nicholas Sobin},
  journal={Lingua},
  volume={112},
  number={8},
  pages={597-618},
  year={2002},
  publisher={Elsevier}
}

@article{Zeijlstra:2007,
  title={Doubling: The semantic driving force behind functional categories},
  author={Hedde Zeijlstra},
  journal={Logic, Language, and Computation},
  pages={260-280},
  year={2007},
  publisher={Springer}
}

@incollection{Rivero:2006,
  title={Oblique subjects and person restrictions in Spanish: A morphological approach},
  author={Rivero, Mar\'{i}a-Luisa},
  editor={R. D'Alessandro and S. Fischer and G. Hrafnbjargarson},
  booktitle={{Agreement Restrictions}},
  publisher={Mouton de Gruyter},
  address={Berlin},
  year={2006}
}

@book{Cinque:1999,
  title={{Adverbs and functional heads: A cross-linguistic perspective}},
  author={Cinque, Guglielmo},
  year={1999},
  publisher={Oxford University Press, USA}
}

@inproceedings{Wiltschko:2008,
title={{Discovery procedures for functional categories: A case study of Salish articles}},
author={Martina Wiltschko},
booktitle={Proceedings of WSCLA 2008},
year={2008}
}

@article{Nikolaeva:2001,
  title={Secondary topic as a relation in information structure},
  author={Nikolaeva, Irina},
  journal={Linguistics},
  volume={39},
  number={1; ISSU 371},
  pages={1-50},
  year={2001},
  publisher={Citeseer}
}

@article{Chierchia:1998,
title={Reference toÊkinds across languages},
journal={Natural Language Semantics},
year={1998},
author={Chierchia, Gennaro},
volume={6},
pages={339-405}
}

@book{Baker:2008,
  title={The syntax of agreement and concord},
  author={Baker, Mark C.},
  year={2008},
  publisher={Cambridge University Press}
}

@article{Ejskjar:1996,
  title={The Danish Article-Isomorph. (The So-called ``Most Famous Dialect Boundary in Denmark'')},
  author={Ejskj{\ae}r, Inger},
  journal={Dialectologia et Geolinguistica},
  volume={1996},
  number={4},
  pages={27-36},
  year={1996},
  publisher={Walter de Gruyter, Berlin/New York Berlin, New York}
}

@article{Vogel:2006,
  title={Weak function word shift},
  author={Vogel, R.},
  journal={Linguistics},
  volume={44},
  number={5},
  pages={1059-1093},
  year={2006},
  publisher={Walter de Gruyter}
}

@article{Basboll:1985,
  title={St{\o}d in {M}odern {D}anish},
  author={Basb{\o}ll, Hans},
  journal={Folia Linguistica},
  volume={19},
  pages={1-50},
  year={1985}
}

@book{Unger:1975,
  title={Ignorance},
  author={Unger, Peter},
  year={1975},
  publisher={Oxford: Clarendon Press}
}

@article{Svenonius:1994,
  title={C-selection as feature checking},
  author={Peter Svenonius},
  journal={Studia Linguistica},
  volume={48},
  number={2},
  pages={133-155},
  year={1994},
  publisher={Wiley Online Library}
}

@article{SchwartzSprouse:1996,
  title={{L2 cognitive states and the Full Transfer/Full Access model}},
  author={Schwartz, B.D. and Sprouse, R.A.},
  journal={Second Language Research},
  volume={12},
  number={1},
  pages={40},
  issn={0267-6583},
  year={1996},
  publisher={Sage Publications}
}

@article{WhiteEtAl:2004,
  title={{Gender and number agreement in nonnative Spanish}},
  author={White, L. and Valenzuela, E. and Kozlowska-Macgregor, M. and Leung, Y.K.I.},
  journal={Applied Psycholinguistics},
  volume={25},
  number={01},
  pages={105-133},
  issn={1469-1817},
  year={2004},
  publisher={Cambridge University Press}
}

@article{ClahsenMuysken:1989,
  title={{The UG paradox in L2 acquisition}},
  author={Clahsen, H. and Muysken, P.},
  journal={Second Language Research},
  volume={5},
  number={1},
  pages={1},
  issn={0267-6583},
  year={1989},
  publisher={Sage Publications}
}

@article{SyrettKennedyLidz:2010,
  title={{Meaning and context in children's understanding of gradable adjectives}},
  author={Kristen Syrett and Christopher Kennedy and Jeffrey Lidz},
  journal={Journal of Semantics},
  volume={27},
  number={1},
  pages={1-35},
  issn={0167-5133},
  year={2010},
  publisher={Oxford University Press}}

@misc{SchwarzShimoyama:2004,
title = {{More on superlatives}},
author = {Bernhard Schwarz and Junko Shimoyama},
year = {2004},
note = {Handout for the \textit{Noun Phrase Modification} seminar}}

@phdthesis{Kester:1996,
 title = {{The Nature of Adjectival Inflection}},
 author = {Ellen-Petra Kester},
 year = {1996},
 school = {Utrecht University}
 }

@book{Quirk:1985,
author = {Quirk, Randolph and Greenbaum, Sidney and Leech, Geoffrey and Svartik, Jan},
title = {{A Comprehensive Grammar of the English Language}},
year = {1985},
address = {London, England},
publisher = {Longman}
}

@unpublished{Schwarz:ms,
title = {{Notes on Stalnaker (1972)}},
author = {Bernhard Schwarz},
key = {Schwarz (handout)},
note = {2009 class handout}
}

@book{Teleman:1999a,
title = {Svenska Akademiens Grammatik. 2. Ord},
author = {Ulf Teleman and Staffan Hellberg and Erik Andersson and Lisa Christensen and {Svenska Akademien}},
year = {{1999}},
publisher = {Norstedts},
address = {Stockholm}
}

@book{Teleman:1999b,
title = {Svenska Akademiens Grammatik. 3. Fraser},
author = {Ulf Teleman and Staffan Hellberg and Erik Andersson and Lisa Christensen and {Svenska Akademien}},
year = {1999},
publisher = {Norstedts},
address = {Stockholm}
}

@incollection{Kaplan:1989,
title = {Demonstratives},
author = {David Kaplan},
booktitle = {{Themes from Kaplan}},
editor = {Joseph Almog and John Perry and Howard Wettstein},
pages = {481-563},
year = {1989},
publisher = {Oxford University Press},
address = {Oxford}
}

@incollection{Stalnaker:1972,
title = {Pragmatics},
author = {Robert Stalnaker},
booktitle = {{Semantics of Natural Languages}},
editor = {Harman, G. and Davidson, D.},
pages = {380-397},
year = {1972},
publisher = {Reidel},
address = {Dordrecht}}

@article{Stalnaker:1970,
title = {Pragmatics},
author = {Robert Stalnaker},
journal = {Synthese},
volume = {22},
pages = {272-289},
year = {1970}
}

@article{SedivyEtal:1999,
  title={{Achieving incremental semantic interpretation through contextual representation}},
  author={Julie C. Sedivy and Michael K. Tanenhaus and Graig G. Chambers and Gregory N. Carlson},
  journal={Cognition},
  volume={71},
  number={2},
  pages={109-147},
  issn={0010-0277},
  year={1999},
  publisher={Elsevier}
}

@article{vonFintel:1999,
  title={{NPI licensing, Strawson entailment, and context dependency}},
  author={von Fintel, Kai},
  journal={{Journal of Semantics}},
  volume={16},
  number={2},
  pages={97},
  issn={0167-5133},
  year={1999},
  publisher={Oxford University Press}
}

@incollection{Partee:1999,
  title = {{Weak NPs in HAVE Sentences}},
  author = {Barbara Partee},
  editor = {J. Gerbrandy and M. Marx and M. de Rijke and Y. Venema},
  booktitle = {{Liber Amicorum f\"{u}r Johan van Benthem on the occasion of his 50th Birthday}},
  publisher = {University of Amsterdam},
  address = {Amsterdam},
  year={1999}
}

@conference{Fernandez:2009,
  title={{Salience and feature variability in definite descriptions with positive-form vague adjectives}},
  year={2009},
  author={Fern{\'a}ndez, Raquel},
  booktitle={Proceedings of the Workshop on the Production of Referring Expressions (PRE-CogSci 2009): Bridging the Gap between Computational and Empirical Approaches to Reference}
}

@incollection{Heim:1991,
  title={Articles and definiteness},
  author={Heim, Irene},
  booktitle={{Semantics: An International Handbook of Contemporary Research}},
  editor = {von Stechow, Arnim and Dieter Wunderlich},
  address = {Berlin},
  publisher = {De Gruyter},
  year={1991}
}

@article{Herdan:2005,
  title={{Who knows the only reading of only}},
  author={Simona Herdan},
  journal={Snippets},
  volume={10},
  pages={7-8},
  year={2005}
}

@inproceedings{OvalleEtAl:2009,
  title={{Maximize presupposition and two types of definite competitors}},
  author={Luis Alonso-Ovalle and Paula Menéndez-Benito and Florian Schwarz},
  booktitle={Proceedings of the 39th annual meeting of the North East Linguistic Society},
  year={2009}
}

@misc{Sauerland:2003b,
  title={{Implicated presuppositions}},
  author={Uli Sauerland},
  note={{Handout for a talk at the \textit{Polarity, Scalar Phenomena, Implicatures Workshop}, University of Milan Bicocca, Milan, Italy}},
  year={2003}
}

@inproceedings{McNabb:2013,
year={2013},
author={Yaron McNabb},
title={{Hebrew and Arabic Definite Marking as Post-Syntactic Local Dislocation}},
editor={Keine, Stefan and Shayne Sloggett},
booktitle={{Proceedings of the Forty-Second Annual Meeting of the North East Linguistic Society (NELS 42)}},
volume={2},
pages={357-370}
}

@misc{McNabb:2011,
  title={{Some Degree Modifiers are Standard Fixers and Context Manipulators in One: An Experimental Investigation of Very}},
  author={Yaron McNabb},
  note={{Slides for a talk at \textit{Sinn und Bedeutung}}},
  year={2011}
}


@article{HerdanSharvit:2006,
  title={{Definite and nondefinite superlatives and NPI licensing}},
  author={Simona Herdan and Yael Sharvit},
  journal={Syntax},
  volume={9},
  number={1},
  pages={1-31},
  issn={1467-9612},
  year={2006},
  publisher={Wiley Online Library}
}

@unpublished{Heim:1999,
title={Notes on superlatives},
year={1999},
author={Irene Heim},
note={Ms. MIT}
}

@article{Klein:1980,
  title={{A semantics for positive and comparative adjectives}},
  author={Klein, E.},
  journal={Linguistics and Philosophy},
  volume={4},
  number={1},
  pages={1-45},
  issn={0165-0157},
  year={1980},
  publisher={Springer}
}

@article{Kennedy:2007,
  title={{Vagueness and grammar: The semantics of relative and absolute gradable adjectives}},
  author={Kennedy, Christopher},
  journal={Linguistics and Philosophy},
  volume={30},
  number={1},
  pages={1-45},
  issn={0165-0157},
  year={2007},
  publisher={Springer}
}

@incollection{Leslau:2007,
  booktitle={{Morphologies of Asia and Africa}},
  title={Amharic},
  author={Wold Leslau},
  pages={329-379},
  volume = {1},
  editor={Kaye, Alan S.},
  isbn={1575061090},
  year={2007},
  address={Winona Lake},
  publisher={Eisenbrauns}
}

@article{Heusinger:1995,
  title={{Formal aspects of a pragmatic theory of definiteness}},
  author={von Heusinger, Klaus},
  journal={Aspekte der Sprachbeschreibung: Akten des 29. Linguistischen Kolloquiums, Aarhus 1994},
  pages={81},
  isbn={3484303425},
  issn={0344-6727},
  year={1995},
  editor={P. B$\ae$rentzen},
  address={T\"{u}bingen},
  publisher={Niemeyer}
}

@article{Quicoli:2008,
  title={{Anaphora by phase}},
  author={A. Carlos Quicoli},
  journal={Syntax},
  volume={11},
  number={3},
  pages={299-329},
  issn={1467-9612},
  year={2008},
  publisher={Wiley Online Library}
}

@unpublished{TravisPiggottProgress,
title={{Adjuncts within words and complex Heads}},
author={Travis, Lisa deMena and Glyne Piggott},
year={2010},
note={Handout, McGill Univeristy}
}

@phdthesis{Kramer:2009,
  title={Definite markers, phi-features, and agreement: A morphosyntactic Investigation of the {Amharic DP}},
  author={Ruth Kramer},
  year={2009},
  school = {University of California}
  }

@misc{Schwarz:2010,
  title={A note on \textit{for}-phrases and derived scales},
  author={Bernhard Schwarz},
  year={2010},
  note={Handout for a talk at \textit{Sinn und Bedeutung} 15, Universitt des Saarlandes, September 9-11, 2010}}
  
  @misc{Schwarz:2008,
  title={A note on plural superlatives},
  author={Bernhard Schwarz},
  year={2008},
  note={Handout for a talk at the Angelika Kratzer Birthday Workshop}
}

@phdthesis{Newell:2007,
  title={Aspects of the morphology and phonology of phases},
  author={Heather Newell},
  year={2007},
  school = {McGill University}
  }

@misc{Svenonius:2005,
  title={Two domains of causatives},
  author={Peter Svenonius},
  year={2005},
  note={Handout, University of Troms¿}
  }

@article{Campos:2009,
  title={{Some notes on adjectival articles in Albanian}},
  author={H{\`e}ctor Campos},
  journal={Lingua},
  volume={119},
  number={7},
  pages={1009-1034},
  issn={0024-3841},
  year={2009},
  publisher={Elsevier}
}

@incollection{PesetskyTorrego:2007,
  title={{The syntax of valuation and the interpretability of features}},
  author={David Pesetsky and Esther Torrego},
  booktitle={{Phrasal and Clausal Architecture: Syntactic Derivation and Interpretation. In honor of Joseph E. Emonds}},
  editor={Simin Karimi and Vida Samiian and Wendy K. Wilkins},
  publisher={John Benjamins},
  address={Amsterdam},
  pages={262-294},
  year={2007}
}

@phdthesis{Tomioka:2006,
author={Naoko Tomioka},
year={2006},
school = {McGill University},
title={{Resultative constructions: Cross-linguistic variation and the syntax-semantics interface}}
}

@phdthesis{Skinner:2009,
author={Tobin R. Skinner},
year={2009},
school = {McGill University},
title={Investigations of downward movement}
}

@article{Matushansky:2006,
  title={{Head movement in linguistic theory}},
  author={Matushansky, Ora},
  journal={Linguistic Inquiry},
  volume={37},
  number={1},	
  pages={69-109},
  year={2006},
  publisher={MIT Press}
}

@incollection{Heim:2008a,
  title={{Features on bound pronouns}},
  author={Irene Heim},
  booktitle={{Phi Theory: Phi-features across Modules and Interfaces}},
  editor={David Harbour and David Adger and Susana Bejar},
  publisher={{Oxford University Press}},
  address={Oxford},
  pages={35-52},
  year={2008}
}

@misc{Kratzer:2006,
  title={{Minimal pronouns. Ms.}},
  author={Angelika Kratzer},
  year={2006}
}

@article{NewellPiggott:2006,
  title={{Syllabification, stress and derivation by phase in Ojibwa}},
  author={Newell, Heather and Glyne Piggott},
  journal={McGill Working Papers in Linguistics},
  volume={20},
  number={1},
  year={2006}
}

@inproceedings{DoblerEtal:2009,
title = {{Narrow syntactic movement after spell-out}},
author = {Eva Dobler and Heather Newell and Glyne Piggott and Tobin Skinner and Mina Sugimura and Lisa deMena Travis},
booktitle = {Minimalist Approaches to Syntactic Locality},
year = {2009}
}

@inproceedings{Birner:1994,
  title={{Uniqueness, familiarity, and the definite article in English}},
  author={Birner, B. and Ward, G.},
  booktitle={Annual Meeting of the Berkeley Linguistic Society},
  pages={93-102},
  year={1994}
}

@article{Delsing:1988,
  title={{The Scandinavian Noun Phrase}},
  author={Delsing, Lars Olof},
  journal={{Working Papers in Scandinavian Syntax}},
  volume={42},
  pages={57-79},
  year={1988}
}

@article{Ohman:1966,
  title={{Generativa regler for det svenska verbets fonologi och prosodi}},
  author={{\"O}hman, Sven},
  journal={Forhandlingar vid sammankomst for att dryfta fragor rorande svenskans beskrivning},
  volume={III},
  pages={71-87},
 editor={S. Allén},
  address={G{\"o}teborg},
  year={1965}
}

@phdthesis{Schwarz:2009,
  title={{Two Types of Definites in Natural Language}},
  author={Schwarz, Florian},
  year={2009},
  school={University of Massachusetts, Amherst}
}

@book{Lyons:1999,
  title={{Definiteness}},
  author={Christopher Lyons},
  year={1999},
  publisher={Cambridge University Press}
}

@phdthesis{Travis:1984,
  title={{Parameters and Effects of Word Order Variation}},
  author={Travis, Lisa deMena},
  year={1984},
  school={Massachusetts Institute of Technology}
}

@inproceedings{Carlson:2006,
  title={{Weak definite noun phrases}},
  author={Carlson, G. and Sussman, R. and Klein, N. and Tanenhaus, M.},
  booktitle={Proceedings of North Eastern Linguistic Society},
  volume={36},
  number={1},
  pages={179},
  year={2006}
}

@book{Partee:2004,
  title={{Compositionality in formal semantics: Selected papers}},
  author={Partee, Barbara H.},
  year={2004},
  publisher={Wiley-Blackwell}
}

@book{Adger:2003,
  title={{Core Syntax: A Minimalist Approach}},
  author={Adger, David},
  year={2003},
  publisher={Oxford University Press}
}

@book{Kayne:1994,
  title={{The antisymmetry of syntax}},
  author={Kayne, Richard S.},
  year={1994},
  publisher={The MIT Press}
}

@book{Roberts:2005,
  title={{Principles and parameters in a VSO language: A case study in Welsh}},
  author={Roberts, Ian G.},
  year={2005},
  publisher={Oxford University Press, USA}
}

@article{Herslund:2001,
  title={{The Danish s-genitive: From affix to clitic}},
  author={Herslund, Michael},
  journal={Acta Linguistica Hafniensia},
  volume={33},
  pages={7-18},
  year={2001},
  publisher={Reitzels}
}

@incollection{Basboll:1986,
  title={{St{\o}d-sandhi}},
  author={Hans Basb{\o}ll},
  booktitle={{Sandhi Phenomena in the Languages of Europe}},
  editor={H. Anderson},
  pages={75-83},
  year={1986},
  publisher={{Mouton De Gruyter}}
}

@article{Eliasson:1985,
  title={{Stress alternations and vowel length: New evidence for an underlying nine-vowel system in Swedish}},
  author={Eliasson, Stig},
  journal={{Nordic Journal of Linguistics}},
  volume={8},
  number={02},
  pages={101-129},
  year={1985},
  publisher={Cambridge University Press}
}

@article{Jensen:1980,
  title={{Stress and Accent in Swedish}},
  author={Jensen, John T.},
  journal={{Nordic Journal of Linguistics}},
  volume={3},
  number={01},
  pages={25-56},
  year={2008},
  publisher={Cambridge University Press}
}

@incollection{Chomsky:2001,
  title={{Derivation by phase.}},
  author={Chomsky, Noam},
  editor={Michael Kenstowicz},
  booktitle={{Ken Hale: A Life in Language}},
  pages={1-52},
  publisher={The MIT Press},
  year={2001}
}

@article{Richards:2009,
  title={{Probing the Past: on Reconciling Long-distance Agreement with the PIC. Ms.}},
   author={Richards, Marc},
  journal={to appear in Linguistische Arbeiten},
  year={2009}
}

@conference{Biberauer:2008,
  title={{Structure and linearization in disharmonic word orders}},
  author={Biberauer, Theresa and Anders Holmberg and Ian Roberts},
  booktitle={{Proceedings of the 26th West Coast Conference on Formal Linguistics, Charles. B. Chang and Hannah J. Haynie (eds.)}},
  pages={96-104},
  year={2008}
}

@article{Zimmermann:2003,
  title={{Pluractionality and complex quantifier formation}},
  author={Zimmermann, Malte},
  journal={Natural Language Semantics},
  volume={11},
  number={3},
  pages={249-287},
  year={2003},
  publisher={Springer}
}

@book{KrochSantorini:2010,
author={Anthony Kroch and Beatrice Santorini},
title={{Penn Supplement to the MCVF (Martineau et al.)}},
year={2010}
}

@book{Skarup:1975,
  title={{Les premi{\`e}res zones de la proposition en ancien fran{\c{c}}ais: essai de syntaxe de position}},
  author={Sk{\aa}rup, P.},
  year={1975},
  publisher={Akademisk Forlag}
}

@incollection{Partee:2003,
  title={{Genitives, relational nouns, and argument-modifier ambiguity}},
  author={Partee, Barbara H. and Borschev, Vladimir},
  booktitle={{Modifying adjuncts}},
  editor={Ewald Lang, Claudia Maienborn, Cathrine Fabricius-Hansen},
  volume={4},
  year={2003}
}

@misc{SRCMF,
key={SRCMF},
title={{Syntactic Reference Corpus of Medieval French, Sophie Prévost and Achim Stein}},
year = {2012}
} 

@misc{MCVF,
key={Martineau et al.},
note={{Corpus MCVF annoté syntaxiquement, (2005--2010), dirigé par France Martineau, avec Paul Hirschbühler, Anthony Kroch et Yves Charles Morin}},
year={2010}
}
%url={http://www.voies.uottawa.ca/corpus\_pg\_en.html},

@incollection{Chomsky:2000,
  title={{Minimalist Inquiries: The Framework}},
  author={Chomsky, Noam},
  booktitle={{Step by Step: Essays on Minimalist Syntax in Honor of Loward Lasnik}},
  pages={89-156},
  year={2000},
  editor={Martin, R. and D. Michaels and J. Uriagereka},
  publisher={MIT Press, Cambridge, MA}
}

@incollection{Dahl:2004,
  title={{Definite articles in Scandinavian: Competing grammaticalization processes in standard and non-standard varieties}},
  author={Dahl, sten},
  booktitle={{Dialectology Meets Typology: Dialect Grammar from a Cross-Linguistic Perspective}},
  editor={Bernd Kortmann},
  year={2004},
  pages={147-180},
  publisher={Mouton de Gruyter}}

@article{Faarlund:2008,
  title={{A mentalist interpretation of grammaticalization theory}},
  author={Faarlund, Jan Terje},
  journal={Grammatical Change and Linguistic Theory: The Rosendal Papers},
  pages={221-244},
  year={2008}
}

@article{Garding:1989,
  title={{Intonation in Swedish}},
  author={Garding, Eve},
  journal={Working papers},
  pages={63},
  year={1989},
  publisher={Lund University, Dept. of Linguistics}
}

@misc{Ishihara,
title={Japanese Focus Prosody Revisited: Freeing Focus from Prosodic Phrasing. Under review.},
author={Shinichiro Ishihara},
}

@conference{ItoMester:2007,
  title={{Prosodic categories and recursion}},
  author={It$\^{o}$, Junko and Mester, Armin},
  booktitle={{Workshop on Prosody, Syntax, and Information Structure}},
  volume={3},
  year={2007}
}

@book{Julien:2005,
  title={{Nominal Phrases from a Scandinavian Perspective}},
  author={Julien, Marit},
  year={2005},
  publisher={John Benjamins},
  address={Amsterdam}
}


@article{Kester:1993,
title={{The inflectional properties of Scandinavian adjectives.}},
author={Ellen-Petra Kester},
journal={Studia Linguistica},
year={1993},
volume={47},
issue={2},
pages={139-153}
}

@article{Matthewson:1998,
  title={{On the interpretation of wide-scope indefinites}},
  author={Matthewson, Lisa},
  journal={Natural Language Semantics},
  volume={7},
  number={1},
  pages={79-134},
  year={1998},
  publisher={Springer}
}

@article{Platzack:2008,
  title={{Left Branch Extraction of nominal modifiers in Old Scandinavian}},
  author={Platzack, Christer},
  journal={Grammatical Change and Linguistic Theory: The Rosendal Papers},
  pages={357-374},
  year={2008}
}

@conference{Streefkerk:2001,
  title={{Acoustical and lexical/syntactic features to predict prominence}},
  author={Streefkerk, B.M. and Pols, L.C.W. and ten Bosch, L.F.M.},
  booktitle={{Proceedings of the Institute of Phonetic Sciences, University of Amsterdam}},
  volume={24},
  pages={155-165},
  year={2001}
}

@incollection{Taraldsen:1990,
  title={{D-projections and N-projections in Norwegian}},
  author={Taraldsen, Knut Tarald},
  booktitle={{Grammar in Progress: GLOW Essays for Henk van Riemsdijk}},
  editor={Joan Mascar\'{o} and Marina Nespor},
  pages={419-431},
  year={1990},
  publisher={Foris},
  address={Dordrecht}
}


@article{Longobardi:2001,
  title={{How comparative is semantics? A unified parametric theory of bare nouns and proper names}},
  author={Longobardi, Giuseppe},
  journal={Natural Language Semantics},
  volume={9},
  number={4},
  pages={335-369},
  year={2001},
  publisher={Springer}
}

@incollection{Holmberg:2000,
  title={{Deriving OV order in Finnish}},
  author={Holmberg, Anders},
  booktitle={{The Derivation of VO and OV}},
  pages={123-152},
  year={2000},
  editor={Peter Svenonius},
  publisher={Oxford/New York: OUP}
}

@book{Grimm:1898,
  title={{Deutsche grammatik}},
  author={Grimm, J. and Scherer, W.},
  year={1898},
  publisher={C. Bertelsmann}
}

@article{Falk:1993,
  title={{Non-referential subjects and agreement in the history of Swedish}},
  author={Falk, Cecilia},
  journal={Lingua},
  volume={89},
  number={2-3},
  pages={143-180},
  year={1993},
  publisher={Elsevier Science}
}

@article{Kiparsky:1996,
  title={{The shift to head-initial VP in Germanic}},
  author={Kiparsky, Paul},
  journal={Studies in comparative Germanic syntax},
  volume={2},
  pages={140-179},
  year={1996},
  publisher={Springer Netherlands}
}

@incollection{Marantz:2007,
author={Alec Marantz},
title={Phases and words},
booktitle={{Phases in the Theory of Grammar}},
editor={Sook-Hee Choe},
year={2007},
pages={191-220},
address={Seoul},
publisher={Dong In}
}


@conference{Abney:1986,
  title={{Functional elements and licensing}},
  author={Abney, Steven Paul},
  booktitle={{GLOW Conference}},
  year={1986}
}

@book{HeimKratzer:1998,
  title={{Semantics in Generative Grammar}},
  author={Heim, Irene and Kratzer, Angelika},
  year={1998},
  address = {Oxford},
  publisher={Blackwell}
  }

@book{Meyer:1937,
  title={Die Intonation im Schwedischen: Die Sveamundarten},
  author={Meyer, Ernst Alfred},
  series={Studies Scandinavicae Philologiae},
  volume={10},
  year={1937},
  publisher={Stockholm University},
  address={Stockholm}
}

@book{Hawkins:1978,
  title={{Definiteness and Indefiniteness: A Study in Reference and Grammaticality Prediction}},
  author={Hawkins, John A.},
  year={1978},
  publisher={Taylor \& Francis}
}

@article{Lobner:1985,
  title={{Definites}},
  author={L{\"o}bner, Sebastian},
  journal={Journal of Semantics},
  volume={4},
  number={4},
  pages={279-326},
  year={1985}
}

@book{Givon:1984,
  title={{Syntax. A functional-typological introduction. Vol. 1-2.}},
  author={Giv{\'o}n, Talmy},
  year={1984},
  publisher={Benjamin}
}

@article{Givon:1978,
  title={{Definiteness and referentiality}},
  author={Giv{\'o}n, T.},
  journal={Universals of human language},
  volume={4},
  pages={291-330},
  year={1978}
}

@conference{Lindvall:1996,
  title={{Definite marking and referential status in Greek, Swedish and Polish}},
  author={Lindvall, Ann},
  booktitle={{2nd Swedish Phonetics Conference: Papers.}},
  pages={113},
  year={1996},
  organization={{Lund University}}
}

@article{Skrzypek:2009,
  title={{The formation of the definite article in the Nordic languages}},
  author={Skrzypek, Dominika},
  journal={Lingua Posnaniensis},
  volume={51},
  number={1},
  pages={65-76},
  year={2009},
  publisher={Versita}
}

@article{Fraurud:1990,
  title={{Definiteness and the processing of noun phrases in natural discourse}},
  author={Fraurud, Kari},
  journal={Journal of Semantics},
  volume={7},
  number={4},
  pages={395},
  year={1990},
  publisher={Oxford University Press}
}

@incollection{Svenonius:2008,
title={{The position of adjectives and other phrasal modifiers in the decomposition of DP}},
year={2008},
author={Peter Svenonius},
booktitle={{Adjectives and Adverbs: Syntax, Semantics and Discourse}},
editor={Louise McNally and Christopher Kennedy},
publisher={{Oxford University Press}},
address={Oxford},
pages={16-42}
}

@misc{Danish,
title={{Danish Corpus on-line by Det Danske Sprog- og Litteraturselskab}},
howpublished={http://corp.hum.sdu.dk/corpuseye.da.html},
year={90/2000},
key={Danish Corpus}
}

@phdthesis{Riad:1992,
  title={Structures in {G}ermanic prosody: A diachronic study with special reference to the {N}ordic languages},
  author={Riad, Tomas},
  year={1992},
  school = {Stockholm University}
}

@incollection{Eliasson:1972,
  title={{Unstable vowels in Swedish: Syncope, epenthesis or both?}},
  author={Eliasson, Stig},
  editor={Evelyn Firchow and Kaaren Grimstad and Nils Hasselmo and Wayne O'Neil},
  booktitle={{Studies for Einar Haugen}},
  pages={174-188},
  year={1972},
  publisher={Mouton},
  address={The Hague}
}

@incollection{Eliasson:1986,
  title={{Sandhi in peninsular Scandinavian}},
  author={Eliasson, Stig},
  booktitle={{Sandhi phenomena in the languages of Europe}},
  editor={H. Anderson},
  pages={271-300},
  year={1986},
  publisher={Mouton De Gruyter}
}

@inproceedings{Lofstedt:2009,
  title={{Perceptually driven allomorphy: The Swedish non-neuter singular definite article}},
  author={L{\"o}fstedt, Ingvar},
  year={2009},
  booktitle={{Proceedings of the 38th annual meeting of the North East Linguistic Society}},
  volume={2},
  pages={87-99},
  editor={Anisa Schardi and Martin Walkow and Muhammad Adurrahman},
  publisher={Department of Linguistics, University of Ottawa}
}

@article{Fretheim:1992,
  title={{Themehood, rhemehood and Norwegian focus structure}},
  author={Fretheim, Thorstein},
  journal={Folia Linguistica},
  volume={26},
  number={1-2},
  pages={111-150},
  year={1992},
  publisher={Walter de Gruyter, Berlin/New York Berlin, New York}
}

@misc{Oslo,
 title={{The Oslo Corpus of Tagged Norwegian Texts (bokm{\aa}l and nynorsk parts). University of Oslo. http://www.tekstlab.uio.no/norsk/bokmaal/english.html}},
 key={The Oslo Corpus},
 year={1999},
 organization={{University of Oslo}}
 }

@incollection{Gronnen:2007,
  title={{Danish St{\o}d, Phonology and Cognition}},
  author={Gr{\o}nnum, Nina and Basb{\o}ll, Hans},
  booktitle={{Experimental approaches to phonology}},
  pages={192},
  year={2007},
  editor={ Maria-Josep Sol, Patrice Speeter Beddor, Manjari Ohala},
  publisher={Oxford University Press, USA}
}

@article{Oh2001,
  title={{A Focus-Based Study of English Demonstrative Reference}},
  author={Sun-Young Oh},
  journal={Journal of English Linguistics},
  volume={29},
  number={2},
  pages={124-148},
  year={2001}
}

@incollection{QLR,
title={{Li Quatre Livre des Reis edited by E.R. Curtius}},
editor={Max Niemeyer, Halle a. S.},
booktitle={{Gesellschaft fr Romanische Litteratur 1911}},
key={QLR}
}


@misc{PennFrench,
title={{Penn Supplement to the MCVF Corpus}},
author={Kroch, Anothony and Beatrice Santorini},
organization={University of Pennsylvania},
key={PennFrench}
}

@article{Riad:1996,
  title={{Remarks on the Scandinavian tone accent typology}},
  author={Riad, Tomas},
  journal={Nordlyd},
  volume={24},
  number={1996},
  pages={129-156},
  year={1996}
}

@misc{Moren:2007,
title={{Central Swedish pitch accent: A retro approach. Paper presented at the 4th Old World Conference in Phonology, Rhodes.}},
author={Morn, Bruce},
year={2007}
}

@article{Andreasson:2009,
  title={{Pronominal object shift-not just a matter of shifting or not}},
  author={Andréasson, Maria},
  year={2009},
  journal={{Working Papers in Scandinavian Syntax}},
  volume={84},
  publisher={Scandinavian department at Lund University, Sweden}
}

@article{Christen:2001,
  title={{Genitive positions in Baltic and Finnic languages}},
  author={Christen, Simon},
  journal={The Circum-Baltic Languages: Grammar and typology},
  pages={499},
  year={2001},
  publisher={John Benjamins Pub Co}
}

@book{Torp:1898,
  title={{Dansk-norskens lydhistorie: med saerligt hensyn paa orddannelse og b{\o}ining}},
  author={Torp, Alf and Falk, Hjalmar},
  year={1898},
  publisher={H. Aschehoug}
}

@article{Fischer:1989,
  title={{Phonetic analysis of the st{\o}d in standard Danish.}},
  author={Fischer-J{\o}rgensen, Eli},
  journal={Phonetica},
  volume={46},
  number={1-3},
  pages={1-59},
  year={1989}
}

@article{Marchis:2007,
  title={{On the distribution of adjectives in Romanian: The cel construction}},
  author={Marchis, Mihaela and Alexiadou, Artemis},
  journal={Romance Languages and Linguistic Theory. Amsterdam: Benjamins},
  year={2007}
}

@article{Truswell:2004,
  title={{Non-restrictive adjective interpretation and association with focus}},
  author={Truswell, Robert},
  journal={Oxford University Working Papers in Linguistics, Philology and Phonetics},
  pages={133-154},
  year={2004},
  publisher={Citeseer}
}

@article{Truswell:2005,
  title={{Adjectives and Headedness}},
  author={Truswell, Robert},
  journal={{Oxford Working Papers in Linguistics, Philology, and Phonetics}},
  volume={10},
  pages={1-19},
  year={2005},
  publisher={Citeseer}
}

@article{Choi:2005,
  title={The Internal Structure of the {K}orean {DP}: {E}vidence from prenominal and postnominal classifiers},
  author={Choi, Inji},
  journal={{O}xford {U}niversity {W}orking {P}apers in {L}inguistics, {P}hilology $&$ {P}honetics},
  year={2005},
  pages={19-38},
  publisher={Citeseer}
}

@article{Eguren:2009,
  title={Contrastive focus and nominal ellipsis in Spanish},
  author={Eguren, Luis},
  journal={Lingua},
  year={2009},
  publisher={Elsevier}
}

@article{Basboll:2003,
  title={{Prosody, productivity and word structure: The st{\o}d pattern of Modern Danish}},
  author={Basb{\o}ll, Hans},
  journal={Nordic journal of linguistics},
  volume={26},
  number={01},
  pages={5-44},
  year={2003},
  publisher={Cambridge University Press}
}

@article{Platzack:1982,
  title={Transitive adjectives in {S}wedish: {A} phenomenon with implications for the theory of abstract case},
  author={Platzack, Christer},
  journal={The Linguistic Review},
  volume={2},
  number={1},
  pages={39-56},
  year={1982},
  publisher={Walter de Gruyter, Berlin/New York Berlin, New York}
}

@conference{Svenonius:1994a,
  title={The structural location of the attributive adjective},
  author={Svenonius, Peter},
  booktitle={{Proceedings of the 12th West Coast Conference on Formal Linguistics}},
  pages={439-454},
  year={1994}
}

@incollection{Newell:2005,
  title={Bracketing paradoxes and particle verbs: A late adjunction analysis},
  author={Newell, Heather},
  booktitle={{Proceedings of Console XIII}},
  editor = {Sylvia Blaho and Luis Vicente and Erik Schoorlemmer},
  pages={249-272},
  year={2005}}

@phdthesis{Nissenbaum:2000,
  title={Investigations of Covert Phrasal Movement},
  author={Nissenbaum, Jon},
  year={2000},
  school={MIT},
}

@book{Petersen:1829,
  title={Det Danske, Norske og Svenske Sprogs Historie under deres Udvikling af Stamsproget: Et af Samfundet til den Danske Literaturs Fremme Kronet Prisskrift},
  author={Petersen, Niels Matthias},
  volume={1},
  year={1829},
  publisher={Gyldendalske Boghandling},
  address={Kj$\o$benhavn}
}

@article{Gianollo:2009,
  title={{Prepositional genitives in Romance and the issue of parallel development}},
  author={Gianollo, Chiara},
  year={2009},
  journal={PowerPoint presentation for {T}he {XI} {D}iachronic {G}enerative {S}yntax {C}onference {U}niversidade {E}stadual de {C}ampinas ({DiGS})}
  }

@book{Baril:1998,
  title={Manuel d'initiation {\`a} l'ancien fran{\c{c}}ais},
  author={Baril, Agn\`{e}s},
  year={1998},
  publisher={Ellipses/Marketing}
}

@conference{Arteaga:1995,
  title={On {O}ld {F}rench genitive constructions},
  author={Arteaga, Deborah},
  booktitle={Contemporary research in {R}omance linguistics: papers from the 22nd {L}inguistic {S}ymposium on {R}omance {L}anguages, {E}l {P}aso/{C}d. {J}u{\'a}rez, {F}ebruary 1992},
  pages={79},
  year={1995},
  organization={J. Benjamins Pub. Co.}
}

@book{Pinkster:1990,
  title={{Latin Syntax and Semantics}},
  author={Pinkster, Harm},
  year={1990},
  publisher={Routledge},
  address={New York}
}

@incollection{Schosler:1984,
  title={La déclinaison bicasuelle de l'ancien fran{\c{c}}ais: son r{\^o}le dans la syntaxe de la phrase, les causes de sa disparition},
  author={Sch{\o}sler, Lene},
  booktitle={{{\'E}tudes romanes de l'Université d'Odense}},
  volume={19},
  year={1984},
  publisher={{Odense University Press}}
}

@incollection{Delfitto:2009,
  title={Towards a {D}iachronic {T}heory of {G}enitive {A}ssignment in {R}omance},
  author={Delfitto, Denis and Paola Paradisi},
  booktitle={{Historical Syntax and Linguistic Theory}},
  volume={1},
  number={9},
  pages={292-311},
  year={2009},
  publisher={{Oxford Scholarship Online Monographs}}
}

@book{Falk:1900,
  title={Dansk-norskens syntax i historisk fremstilling},
  author={Falk, Hjalmar and Alf Torp},
  year={1900},
  publisher={H. Aschehoug},
}

@phdthesis{Leu:2008,
  title={{The Internal Syntax of Determiners}},
  author={Leu, Thomas},
  year={2008},
  school={New York University},
}

@article{Rooth:1992,
  title={A theory of focus interpretation},
  author={Rooth, Mats},
  journal={Natural Language Semantics},
  volume={1},
  number={1},
  pages={75-116},
  year={1992},
  publisher={Springer},
}

@conference{Heusinger:1997,
  title={Focus in Complex Noun Phrases},
  author={Heusinger, Klaus von},
  booktitle={{Proceedings of the 11th Amsterdam Colloquium}},
  pages={49-54},
  year={1997},
}

@InCollection{Riad:2000,
author = {Tomas Riad},
title = {The origin of {D}anish st$\o$d},
booktitle ={ {Analogy, Levelling, Markedness}},
publisher = {Mouton de Gruyter},
year = {2000},
pages={261-300},
editor = {Aditi Lahiri},
address = {Berlin},
}

@book{Kristoffersen:2007,
  title={{The phonology of Norwegian}},
  author={Kristoffersen, Gjert},
  year={2007},
  publisher={Oxford University Press}
}

@Article{Kristoffersen:2006,
author = {Gjert Kristoffersen},
title = {Markedness in {U}rban {E}ast {N}orwegian tonal accent},
journal = {Nordic Journal of Lingistics},
year = {2006},
volume = {29},
number = {1},
pages = {95-135},
}

@Book{Skautrup:1944,
author = {Peter Skautrup},
title = {Det Danske Sprogs Historie},
publisher = {Gyldendal},
year = {1944},
volume = {1},
address = {K$\o$benhavn},
}

@InCollection{Stroh-Wollin:2003,
author = {Ulla Stroh-Wollin},
title = {{(Double) definiteness in Swedish Noun Phrases}},
booktitle = {{Grammatik i Fokus:  Festskrift till Christer Platzack den 18 november 2003}},
pages = {335-342},
publisher = {{Wallin \& Dalholm}},
address={Lund},
editor = {Lars-Olof Delsing and Cecilia Falk and Gunl$\o$g Josefsson and Halld\'{o}r \'{A}. Sigur\textipa{D}sson},
year = {2003}}

@Article{EmbickNoyer:2001,
author = {David Embick and Rolf Noyer},
title = {{Movement operations after syntax}},
journal = {Linguistic Inquiry},
year = {2001},
volume = {32},
pages = {555-595},
}

@InProceedings{Gress-Wright:2008,
author = {Jonathan Gress-Wright},
title = {A simpler view of {D}anish st$\o$d},
booktitle = {{University of Pennsylvania Working Papers in Linguistics}},
year = {2008},
volume = {14},
series = {Proceedings of the 31th Annual Penn Linguistics Colloquium}},
}

@Article{Faarlund:2009,
author = {Jan Terje Faarlund},
title = {{On the history of definiteness marking in Scandinavian}},
journal = {Journal of Linguistics},
year = {2009},
volume = {45},
pages = {617-639},
},

@article{Giusti:1994,
	title = {{Enclitic articles and double definiteness: a comparative analysis of nominal structure in Romance and Germanic}},
	volume = {11},
	shorttitle = {Enclitic articles and double definiteness},
	journal = {The Linguistic Review},
	author = {Giuliana Giusti},
	year = {1994},
	pages = {241-255}
},

@article{Julien:2003,
	title = {Double definiteness in {S}candinavian},
	volume = {31},
	number = {1},
	journal = {Nordlyd},
	author = {Marit Julien},
	year = {2003},
	pages = {230-244}
}

@article{Santelmann:1993,
	title = {{The distribution of double determiners in Swedish: Den support in D$^{o}$}},
	volume = {47},
	shorttitle = {The distribution of double determiners in {S}wedish},
	number = {2},
	journal = {Studia Linguistica},
	author = {Lynn Santelmann},
	year = {1993},
	pages = {154-176}
}

@article{Bohnacker:1997,
	title = {Determiner phrases and the debate on functional categories in early child language},
	volume = {6},
	number = {1},
	journal = {Language Acquisition},
	author = {U. Bohnacker},
	year = {1997},
	pages = {49-90}
}

@article{Anderssen:2007,
	title = {The acquisition of compositional definiteness in {N}orwegian},
	volume = {34},
	journal = {Nordlyd},
	author = {Merete Anderssen},
	year = {2007},
	pages = {252-275}
}

@article{Bohnacker:1997-1,
	title = {Determiner phrases and the debate on functional categories in early child language},
	volume = {6},
	number = {1},
	journal = {Language Acquisition},
	author = {U. Bohnacker},
	year = {1997},
	pages = {49â90}
}

@inproceedings{Vangsnes:1998b,
	title = {{Double definiteness and possessive constructions in an Eastern Swedish dialect}},
	booktitle = {{Papers from the 16th Scandinavian Conference of Linguistics}},
	author = {Vangsnes, $\O$ystein Alexander},
	year = {1998},
	pages = {425-439}
}

@techreport{Abraham:2007,
	title = {On the interfaces between (double) definiteness, aspect, and word order in {O}ld and {M}odern {S}candinavian},
	institution = {Working Papers in {S}candinavian Syntax},
	author = {W. Abraham and E. Leiss},
	year = {2007}
}

@misc{SUC,
title = {{Stockholm Ume Corpus Version 2.0 on-line}},
year={2002},
key={SUC 2.0},
note={{Department of Lingustics, Stockholm University, and Department of Linguistics, Ume University}}
}

@article{Faarlund:2007,
	title = {From clitic to affix: The {N}orwegian definite article},
	volume = {79},
	shorttitle = {From clitic to affix},
	journal = {Working papers in {S}candinavian syntax},
	author = {J. T Faarlund},
	year = {2007},
	pages = {21-46}
}

@article{Lohndal:2007,
	title = {On the structure and development of nominal phrases in {N}orwegian},
	journal = {Nominal determination. Typology, context constraints, and historical emergence. Amsterdam},
	author = {T. Lohndal},
	year = {2007},
	pages = {285-308}
}

@article{Hankamer:2002,
	title = {A morphological analysis of definite nouns in {D}anish},
	volume = {14},
	number = {02},
	journal = {Journal of Germanic Linguistics},
	author = {Jorge Hankamer and Line Mikkelsen},
	year = {2002},
	pages = {137-175}
}

@article{Alexiadou:2003,
	title = {On double definiteness},
	volume = {2},
	journal = {Grammar in Focus},
	author = {Artemis Alexiadou},
	year = {2003},
	pages = {9-16}
}

@article{Brjars:2008,
	title = {Swedish double determination in a {E}uropean typological perspective},
	volume = {17},
	number = {02},
	journal = {Nordic Journal of Linguistics},
	author = {K. Börjars},
	year = {2008},
	pages = {219-252}
}

@article{Androutsopoulou:2007,
	title = {Attributive modification and definiteness},
	journal = {relazione presentata al convegno Biolinguistic Perspective on Language Evolution and Variation},
	author = {A. Androutsopoulou and M. Espa\tilde{n}ol-Echevarr\acute{i}a}},
	year = {2007},
	pages = {4-6}
}

@article{Ihsane:2001,
	title = {Specific is not definite},
	volume = {2},
	journal = {Generative Grammar in {G}eneva},
	author = {T. Ihsane and G. Puskas},
	year = {2001},
	pages = {39-54}
},

@incollection{Lohrmann:2008,
	title = {{On the structure of the Scandinavian DP}},
	author = {Susanne Lohrmann},
	booktitle = {{Working Papers of the SFB 732 Incremental Specification in Context 01}},
	editor = {Florian Schäfer},
	publisher = {{Online Publikationsverbund der Universität Stuttgart (OPUS)}},
	pages={83-102},
	year = {2008}
}

@article{Plank:2003,
	title = {Double articulation},
	journal = {{Noun phrase structure in the languages of Europe}},
	author = {F. Plank},
	year = {2003},
	pages = {337-396}}

@inproceedings{Alexiadou:2006,
	title = {On the cross-linguistic distribution of (in) definiteness spreading},
	booktitle = {Handout for a talk at {OLT} Syntax Workshop, {K}lagenfurt},
	author = {Artemis Alexiadou},
	year = {2006}
}

@article{Delsing:1993-2,
	title = {On attributive adjectives in {S}candinavian and other languages},
	volume = {47},
	number = {2},
	journal = {Studia Linguistica},
	author = {L. O Delsing},
	year = {1993},
	pages = {105-125}
}

@inproceedings{Heck:2007,
title={A phase-based approach to {S}candinavian definiteness marking},
	booktitle={{Proceedings of the 26th West Coast Conference on Formal Linguistics}},
	author={Heck, Fabian and M\"{u}ller, Gereon and Trommer, Jochen},
  	year={2007}
}

@phdthesis{Vangsnes:1999,
  title={{The Identification of Functional Architecture}},
  author={Vangsnes, $\O$ystein Alexander},
  year={1999},
  school={University of Bergen}
}

@article{Lahiri:2005a,
  title={Sounds definite-ly clitic: Evidence from {Scandinavian} tone},
  author={Aditi Lahiri and Allison Wetterlin and Elisabet Jönsson-Steiner},
  journal={Lingue e Linguaggio},
  volume={2},
  year={2005a},
  pages={243-262}
}

%David Lewis. "Index, Context, and Content" (in Stig Kanger & Sven Ohman [edd] Philosophy and Grammar (1980; Reidel)) [Reprinted in LewisÕ collected papers.]

%Crosswell 1976 on CompS

%Schoorlemmer, Erik (2009). Agreement, Dominance and Doubling. The morphosyntax of DP. PhD-thesis Leiden University.

%Schoorlemmer, Erik (To appear). Definiteness marking in Germanic. Morphological variations on the same syntactic theme. To appear in the Journal of Comparative Germanic Linguistics (accepted for publication).

%de Villiers, J. and T. Roeper. 1995. Barriers, Binding, and Acquisition of the DP-NP Distinction. Language Acquisition, v4 n1-2 p73-104 1995

%Bernstein, J. B. 2001. The DP hypothesis: Identifying clausal properties in the nominal domain. In The Handbook of Contemporary Syntactic Theory. M. R. Baltin and C. Collins (eds.), 536-561. Oxford: Blackwell

%Giusti, G. 1996. Is there a TopP and a FocP in the Noun Phrase? University of Venice Working Papers in Linguistics 6: 105-128. 

%Giusti, G. 2006. Parallels in clausal and nominal periphery. In Phases of Interpretation, M. Frascarelli (ed.), 151-172. Mouton

%http://linguistlist.org/issues/25/25-310.html New Spencer's book on clitics

%http://linguistlist.org/issues/25/25-710.html Gillon Semantics of Determiners

%Copulae in the Arabic Noun Phrase
%http://linguistlist.org/issues/25/25-1873.html

%Information Structure and Reference Tracking in Complex Sentences: van Gijn, Hammond, Mati?, van Putten (eds.)
%http://linguistlist.org/issues/25/25-2071.html

% Chierchia: Dynamics of Meaning: Anaphora, Presupposition, and the Theory of Grammar

% Erik Hansen & Lars Heltoft (2011) Grammatik over det danske sprog (from romkbtj hum.au.dk, lady we met with at the clitic workshop in Oslo)

%NP - ARTICLE DIACHRONY
%Referential properties of the full and reduced forms of the definite article in German: A diachronic survey
%Marco Coniglio and Eva Schlachter

%Nominal Syntax at the Interfaces: A Comparative Analysis of Languages With Articles: Giusti 


@misc{SimonenkoCarlier:2019,
title={{Maximality and situation-sensitivity: The evolution of French possessives}},
year={2019},
author={Alexandra Simonenko and Anne Carlier},
note={Slides for a talk given at the workshop {\itshape Sorting out Definiteness} at DGfS 2019. University of Bremen. 6--8/03/2019},
url={https://www.academia.edu/37867707/Maximality_and_situation-sensitivity_The_evolution_of_French_possessives}
}

@misc{SimonenkoCarlier:2016a,
title={{The evolution of the French definite article: From strong to weak}},
author={Alexandra Simonenko and Anne Carlier},
year={2016},
note={{\itshape Formal Diachronic Semantics (FoDS 2016)}. University of Konstanz. 12-14/09/2016}
}

@misc{SimonenkoCarlier:2016b,
title={{The evolution of the French definite article: from strong to weak}},
author={Alexandra Simonenko and Anne Carlier},
year={2016},
note={Handout for a talk at {\itshape Going Romance}. Johann Wolfgang Goethe-Universität, Frankfurt. 08-10/12/2016 (accessed July 12, 2018)},
url={https://www.academia.edu/28473104/The\_evolution\_of\_the\_French\_definite\_article\_from\_strong\_to\_weak},
}

@misc{SimonenkoCarlier:2017a,
title={{The emergence of the definite articles: Formal semantics meets historical corpus methods}},
author={Alexandra Simonenko and Anne Carlier},
year={2017a},
note={Handout for an invited talk at Leiden University, Leiden. 30/03/2017}
}

@misc{SimonenkoCarlier:2017b,
title={{The emergence of the definite articles across semantic contexts in a Medieval French corpus}},
author={Alexandra Simonenko and Anne Carlier},
year={2017b},
note={Handout for an invited talk at Laboratoire de Linguistique Formelle, Université Paris 7-Diderot, Paris. 6/04/2017}
}

@incollection{SimonenkoCarlier:2019,
title={Existential presupposition marking in a mixed system: Constituent order vs. determiners},
author={Alexandra Simonenko and Anne Carlier},
booktitle={{Quantification, Referentiality and Scales in Semantic Change}},
publisher={Language Science Press},
editor={Remus Gergel and Jonathan F. Watkins},
year={under revision}
}

@misc{SimonenkoCarlier:review,
author={Alexandra Simonenko and Anne Carlier},
title={{Between demonstrative and definite: A grammar competition model of the evolution of French {\itshape l}-determiners}},
year={under review},
note={Manuscript, FWO/Ghent University and Sorbonne University EA STIH},
url={https://www.academia.edu/36102272/Between_demonstrative_and_definite_A_grammar_competition_model_of_the_evolution_of_French_l-determiners}
}
%Under review for a special issue of {\itshape Canadian Journal of Linguistics}, edited by R. Eckardt and I. Yanovich

@incollection{Simonenko:2019,
author={Alexandra Simonenko},
title={{Predicative possession in Meadow Mari}},
booktitle={{Approaches to Predicative Possession. The View from Slavic and Finno-Ugric}},
publisher={Bloomsbury},
editor={J. Witko\'{s} and M. Krzek and G. Dalmi},
url={https://www.academia.edu/37782136/Existential_possession_in_Meadow_Mari_to_appear_in_Approaches_to_Predicative_Possession._The_View_from_Slavic_and_Finno-Ugric_Bloomsbury_},
year={2019},
}

@misc{Simonenko:review,
title={Full vs. clitic vs. bound determiners},
year={to appear},
author={Alexandra Simonenko},
note={An invited chapter for the Oxford Handbook of Determiners, ed. Martina Wiltschko and Solveiga Armoskaite},
url={https://www.academia.edu/37679968/Full_vs._clitic_vs._bound_determiners_to_appear_in_the_Oxford_Handbook_of_Determiners_}
}

@inproceedings{Simonenko:2017b,
title={{Towards a semantic typology of specific determiners}},
year={2017},
booktitle={Proceedings of the 21st Amsterdam Colloquium},
editor={Alexandre Cremers and Thom van Gessel and Floris Roelofsen},
author={Alexandra Simonenko},
pages={425-434}
}

@misc{Simonenko:2017,
author={Alexandra Simonenko},
title={{Determiners as a probe into diachronic information structure \& the Definiteness cycle}},
note={Handout for a talk at {\itshape Formal diachronic semantics} 2, Saarland University, Saabr\"{u}cken, November 20-21 (accessed 12 July, 2018)},
year={2017},
url={https://www.academia.edu/35249405/Determiners_as_a_probe_into_diachronic_information_structure_and_the_Definiteness_cycle}
}

@misc{SimonenkoCrabbePrevost:2019b,
author={Alexandra Simonenko and Benoit Crabbé and Sophie Prévost},
title={{Agreement syncretisation and the loss of null subjects: Quantificational models for Medieval French}},
year={2019},
note={{accepted for {\itshape Language Variation and Change}}},
url={http://ling.auf.net/lingbuzz/003491}
}

@article{SimonenkoCrabbePrevost:2018,
author={Alexandra Simonenko and Benoit Crabbé and Sophie Prévost},
title={{Effects of text form on grammatical changes in Medieval French. A treebank-based diachronic study}},
year={2018},
volume={35},
number={3},
pages={394--429},
journal={Diachronica},
}

@inproceedings{SimonenkoEtAl:2015,
  title={Morphological triggers of syntactic changes: Treebank-based Information Theoretic approach},
  booktitle={Proceedings of the Fourteenth International Workshop on Treebanks and Linguistic Theories (TLT14)},
  editor={Markus Dickinson and Erhard Hinrichs and Agnieszka Patejuk and Adam Przepi\'{o}rkowski},
  author={Alexandra Simonenko and Benoit Crabbé and Sophie Prévost},
  publisher={Institute of Computer Science, Polish Academy of Sciences},
  pages={194-205},
  address={Warsaw},
  year={2015}
}

@article{Simonenko:2016,
  title={{Semantics of DP Islands: The Case of Questions}},
  author={Simonenko, Alexandra},
  journal={Journal of Semantics},
  volume={33},
  issue={4},
  pages={661-702},
  year={2016},
  publisher={Oxford Univ Press},
  doi={10.1093/jos/ffv011},
  url={https://doi.org/10.1093/jos/ffv011}
}

@inproceedings{Simonenko:2013c,
author={Alexandra Simonenko},
title={{Semantics of DP islands}},
booktitle={Proceedings of the 19th Amsterdam Colloquium},
editor={Maria Aloni and Michael Franke and Floris Roelofsen},
pages={195-202},
year={2013},
url={http://maloni.humanities.uva.nl/AC2013/AC_proceedings.pdf}
}

@article{Simonenko:2011,
  title={{Spellout and double determination in Mainland Scandinavian}},
  author={Simonenko, Alexandra},
  journal={University of Pennsylvania Working Papers in Linguistics},
  url={http://repository.upenn.edu/pwpl/vol17/iss1/23/},
  volume={17},
  editor={Lauren Friedman},
  number={1},
  pages={205-214},
  year={2011}
}

@inproceedings{Simonenko:2008,
  title={Disambiguating the Spanish (*) te me constraint: Evidence from Russian ditransitives},
  author={Simonenko, Alexandra},
  booktitle={Proceedings of the 2008 annual conference of the Canadian Linguistic Association},
  editor={Susie Jones},
  url={http://homes.chass.utoronto.ca/~cla-acl/actes2008/CLA2008_Simonenko.pdf},
  year={2008}
}
%ISSN 0027-9633

@inproceedings{ModarresiSimonenko:2007,
  title={{Quasi noun incorporation in Persian}},
  author={Modarresi, Fereshteh and Simonenko, Alexandra},
  booktitle={{Proceedings of LingO: The Second Oxford Postgraduate Conference in Linguistics}},
  year={2007},
  pages={181-186},
  editor={Miltiadis Kokkonidis},
  url={http://citeseerx.ist.psu.edu/viewdoc/summary?doi=10.1.1.584.8749}
}

@misc{Simonenko:2014a,
title = {{Kategorii posessivnosti i/ili opredelennosti v FU: sintaksis i semantika (Categories of possessivity and/or definiteness in Finno-Ugric: syntax and semantics)}},
author = {Alexandra Simonenko},
year = {2014},
note = {Handout for an invited talk at the Finno-Ugric seminar at the Moscow State University Linguistics Department on October 30}
}

@inproceedings{Simonenko:2014b,
author={Alexandra Simonenko},
year={2014},
title={{Microvariation in Finno-Ugric possessive markers}},
booktitle={{Proceedings of the Forty-Third Annual Meeting of the North East Linguistic Society (NELS 43)}},
editor={Hsin-Lun Huang and Ethan Poole and Amanda Rysling},
publisher={CreateSpace Independent Publishing Platform},
volume={2},
pages={127-140}
}
%ISBN-10: 149751066X
%ISBN-13: 978-1497510661

@inproceedings{Simonenko:2012,
author={Alexandra Simonenko},
year={2012},
title={Clitic-hood as a phonological correlate of phase-head status},
booktitle={Proceedings of the 30th West Coast Conference on Formal Linguistics (WCCFL 30)},
editor={Nathan Arnett and Ryan Bennett},
pages={313-323},
url={http://www.lingref.com/cpp/wccfl/30/}
}

@incollection{SimonenkoHirschbuhler:2012,
title={{Placement de clitiques dans les propositions V1 et évolution de la structure de la proposition en ancien fran\c{c}ais}},
booktitle={{Constructions en changement}},
series = {Les voies du fran\c{c}ais},
author={Alexandra Simonenko and Paul Hirschb\"{u}hler},
year={2012},
pages={11-53},
publisher={Presses de l'Université Laval},
address={Sainte-Foye},
editor={Monique Dufresne}
}

@inproceedings{Simonenko:2010,
author={Alexandra Simonenko},
title={{Disappearance of Old French juxtaposition Genitive and case: a corpus study}},
booktitle={Proceedings of the Annual Conference of the Canadian Linguistic Association},
editor={Melinda Heijl},
year={2010},
url={http://homes.chass.utoronto.ca/~cla-acl/actes2010/CLA2010_Simonenko.pdf}
}

@inproceedings{Simonenko:2015a,
  title={{Structural triggers of the loss of scopelessness}},
  author={Alexandra Simonenko},
  booktitle={Proceedings of the 32nd West Coast Conference on Formal Linguistics (WCCFL 32)},
  year={2015},
  pages={191-200},
  editor={Ulrike Steindl and Thomas Borer and Huilin Fang and Alfredo Garc\'{i}a Pardo and Peter Guekguezian and Brian Hsu and Charlie O'Hara and Iris Chuoying Ouyang},
  publisher={Cascadilla Proceedings Project},
  address={Somerville, MA}
}

@incollection{SimonenkoLeontiev:2012,
author = {Simonenko, Alexandra and Alexei Leontiev},
title = {{Morfo-syntax imennoj gruppy v Finno-Ugorskih yazykah (Morphosyntax of the Noun Phrase in Finno-Ugric languages)}},
booktitle = {Finno-ugorskie iazyki. Fragmenty grammaticheskogo opisaniia},
editor = {Serdobolskaya, N. V. and Toldova, C. Y. and Say, S. S. and Kalinina, E. Y.},
publisher = {Languages of Slavic Cultures},
pages = {262-339},
year = {2012},
address = {Moscow}
}

  @phdthesis{Simonenko:2014,
  title={Grammatical ingredients of definiteness},
  author={Simonenko, Alexandra},
  year={2014},
  school={McGill University}
}

@inproceedings{Simonenko:2013b,
  title={{When uniqueness is guaranteed: DEN-omission in Swedish}},
  author={Alexandra Simonenko},
  editor={Stefan Keine and Shayne Slogget},
  pages={177-188},
  volume={2},
  year={2013},
  booktitle={{Proceedings of the 42nd Annual Meeting of the North East Linguistic Society (NELS 42)}}
  }
  %12 pages

@article{SchwarzSimonenko:2018,
title={Factive islands and meaning-driven unacceptability},
author={Bernhard Schwarz and Alexandra Simonenko},
year={2018},
journal={Natural Language Semantics},
url={ https://doi.org/10.1007/s11050-018-9146-2}
}

@inproceedings{SchwarzSimonenko:2016,
title={Two pragmatic accounts of factive islands},
author={Bernhard Schwarz and Alexandra Simonenko},
year={2016},
booktitle={Proceedings of the 46th Annual Meeting of the North East Linguistic Society},
editor={Christopher Hammerly and Brandon Prickett},
volume={3},
pages={169-179}
}

@inproceedings{SchwarzSimonenko:2018b,
author={Bernhard Schwarz and Alexandra Simonenko},
title={On the logical makeup of how- and why- questions},
booktitle={{Proceedings of Semantics and Linguistic Theory (SALT 28)}},
editor={S. Maspong and B. Stef\'{a}ansd\'{o}ottir and K. Blake and F. Davis},
pages={533--545},
year={2018},
url={https://journals.linguisticsociety.org/proceedings/index.php/SALT/article/view/28.533}
}

@inproceedings{SchwarzSimonenko:2018c,
author={Bernhard Schwarz and Alexandra Simonenko},
title={Decomposing universal projection in questions},
booktitle={{Proceedings of Sinn und Bedeutung 22}},
volume={2},
publisher={ZASPiL 61},
editor={U. Sauerland and S. Solt},
pages={361--374},
address={Berlin},
year={2018},
url={https://semanticsarchive.net/Archive/GE4MWViN/Schwarz.pdf}
}

@misc{Simonenko:ms,
author = {Alexandra Simonenko},
title = {An emerging veridical complementizer\\ {\itshape to \v{c}to} in Russian},
year = {in progress},
note = {Ms., Ghent University}
}

@misc{SchwarzSimonenkoOshima:2019,
author = {Bernhard Schwarz and Alexandra Simonenko and David Oshima},
year = {2019},
title = {Factive islands from necessary blocking},
note = {A talk at SALT 29}
}
